Date,Revenue,Cost of Revenue,Gross Profit,SG&A Expenses,Operating Income,Interest Expense (Operating),Non-operating Income/Expense,Non-operating Interest Expenses,EBT,Income Tax Provision,Income after Tax,Net Income Common,EPS (Basic),Gross Margin,EBIT Margin,EBT margin,Net Profit Margin,Free Cash Flow Margin,EBITDA,EBIT,"EPS (Diluted, from Cont. Ops)","EPS (Basic, Consolidated)","EPS (Basic, from Continuous Ops)",Income from Continuous Operations,Consolidated Net Income/Loss,EBITDA Margin,Operating Cash Flow Margin,Ticker
2022-09-30 00:00:00,45210000000.0,38666000000.0,6544000000.0,1683000000.0,-559000000.0,1898000000.0,565000000.0,112000000.0,-2016000000.0,-409000000.0,-1607000000.0,-1607000000.0,-2.55,0.1447,-0.0124,-0.0446,-0.0355,-0.0191,1758000000.0,-559000000.0,-2.5684,-2.458,-2.458,-1607000000.0,-1607000000.0,0.0389,0.025,AAL
2022-06-30 00:00:00,40717000000.0,35965000000.0,4752000000.0,1506000000.0,-894000000.0,1875000000.0,-387000000.0,47000000.0,-2468000000.0,-547000000.0,-1921000000.0,-1921000000.0,-2.97,0.1167,-0.022,-0.0606,-0.0472,-0.0417,463000000.0,-894000000.0,-3.0086,-2.9398,-2.9398,-1921000000.0,-1921000000.0,0.0114,-0.0004,AAL
2022-03-31 00:00:00,34773000000.0,32057000000.0,2716000000.0,1279000000.0,-1470000000.0,1893000000.0,-1017000000.0,504000000.0,-3062000000.0,-684000000.0,-2378000000.0,-2378000000.0,-3.67,0.0781,-0.0423,-0.0881,-0.0684,0.0223,-612000000.0,-1470000000.0,-3.6422,-3.6422,-3.6422,-2378000000.0,-2378000000.0,-0.0176,0.0493,AAL
2021-12-31 00:00:00,29882000000.0,28895000000.0,987000000.0,1098000000.0,-1059000000.0,1801000000.0,-1530000000.0,867000000.0,-2549000000.0,-556000000.0,-1993000000.0,-1993000000.0,-3.12,0.033,-0.0354,-0.0853,-0.0667,0.0231,-853000000.0,-1059000000.0,-3.0946,-3.0946,-3.0946,-1993000000.0,-1993000000.0,-0.0285,0.0236,AAL
2021-09-30 00:00:00,24482000000.0,25545000000.0,-1063000000.0,873000000.0,-2794000000.0,1709000000.0,-1856000000.0,1238000000.0,-4167000000.0,-927000000.0,-3240000000.0,-3240000000.0,-5.5,-0.0434,-0.1141,-0.1702,-0.1323,-0.0348,-3226000000.0,-2794000000.0,-5.2709,-5.2441,-5.2441,-3240000000.0,-3240000000.0,-0.1318,-0.0392,AAL
2021-06-30 00:00:00,18686000000.0,22656000000.0,-3970000000.0,652000000.0,-6260000000.0,1573000000.0,-1208000000.0,1573000000.0,-7468000000.0,-1660000000.0,-5808000000.0,-5808000000.0,-10.46,-0.2125,-0.335,-0.3997,-0.3108,-0.1106,-6260000000.0,-6260000000.0,-10.218,-10.2174,-10.2174,-5808000000.0,-5808000000.0,-0.335,-0.0976,AAL
2021-03-31 00:00:00,12830000000.0,20492000000.0,-7662000000.0,432000000.0,-9187000000.0,1341000000.0,-949000000.0,1341000000.0,-10136000000.0,-2242000000.0,-7894000000.0,-7894000000.0,-15.31,-0.5972,-0.7161,-0.79,-0.6153,-0.5355,-9187000000.0,-9187000000.0,-15.0673,-15.0673,-15.0673,-7894000000.0,-7894000000.0,-0.7161,-0.4833,AAL
2020-12-31 00:00:00,17337000000.0,22523000000.0,-5186000000.0,666000000.0,-10421000000.0,1227000000.0,-1032000000.0,1227000000.0,-11453000000.0,-2568000000.0,-8885000000.0,-8885000000.0,-18.6,-0.2991,-0.6011,-0.6606,-0.5125,-0.4701,-10421000000.0,-10421000000.0,-18.3617,-18.3617,-18.3617,-8885000000.0,-8885000000.0,-0.6011,-0.3774,AAL
2020-09-30 00:00:00,24623000000.0,24753000000.0,-130000000.0,1348000000.0,-7177000000.0,1116000000.0,-895000000.0,1116000000.0,-8072000000.0,-1779000000.0,-6293000000.0,-6293000000.0,-13.84,-0.0053,-0.2915,-0.3278,-0.2556,-0.2342,-7177000000.0,-7177000000.0,-13.8566,-13.8531,-13.8531,-6293000000.0,-6293000000.0,-0.2915,-0.1251,AAL
2020-06-30 00:00:00,33361000000.0,28321000000.0,5040000000.0,1675000000.0,-3498000000.0,,-922000000.0,1060000000.0,-4420000000.0,-951000000.0,-3469000000.0,-3469000000.0,-8.17,0.1511,-0.1049,-0.1325,-0.104,-0.0792,-3498000000.0,-3498000000.0,-8.1832,-8.1787,-8.1787,-3469000000.0,-3469000000.0,-0.1049,0.0106,AAL
2020-03-31 00:00:00,43699000000.0,32401000000.0,11298000000.0,2019000000.0,141000000.0,,-1020000000.0,1081000000.0,-879000000.0,-139000000.0,-740000000.0,-740000000.0,-1.86,0.2585,0.0032,-0.0201,-0.0169,-0.0396,141000000.0,141000000.0,-1.8771,-1.8707,-1.8707,-740000000.0,-740000000.0,0.0032,0.0457,AAL
2019-12-31 00:00:00,45768000000.0,32654000000.0,13114000000.0,2004000000.0,3065000000.0,,-809000000.0,1095000000.0,2256000000.0,570000000.0,1686000000.0,1686000000.0,3.81,0.2865,0.067,0.0493,0.0368,-0.0087,3065000000.0,3065000000.0,3.795,3.8027,3.8027,1686000000.0,1686000000.0,0.067,0.0834,AAL
2019-09-30 00:00:00,45393000000.0,35032000000.0,10361000000.0,1579000000.0,2907000000.0,,-829000000.0,1099000000.0,2078000000.0,481000000.0,1597000000.0,1597000000.0,3.55,0.2283,0.064,0.0458,0.0352,-0.0201,2907000000.0,2907000000.0,3.5489,3.5562,3.5562,1597000000.0,1597000000.0,0.064,0.0866,AAL
2019-06-30 00:00:00,45041000000.0,34960000000.0,10081000000.0,1550000000.0,2784000000.0,,-767000000.0,1077000000.0,2017000000.0,473000000.0,1544000000.0,1544000000.0,3.33,0.2238,0.0618,0.0448,0.0343,-0.0319,2784000000.0,2784000000.0,3.3943,3.4023,3.4023,1544000000.0,1544000000.0,0.0618,0.0672,AAL
2019-03-31 00:00:00,44724000000.0,34737000000.0,9987000000.0,1534000000.0,2635000000.0,,-744000000.0,1065000000.0,1891000000.0,453000000.0,1438000000.0,1438000000.0,3.06,0.2233,0.0589,0.0423,0.0322,-0.0177,2635000000.0,2635000000.0,3.1053,3.1142,3.1142,1438000000.0,1438000000.0,0.0589,0.0757,AAL
2018-12-31 00:00:00,44541000000.0,34490000000.0,10051000000.0,1520000000.0,2656000000.0,,-772000000.0,1056000000.0,1884000000.0,472000000.0,1412000000.0,1412000000.0,3.04,0.2257,0.0596,0.0423,0.0317,-0.0023,2656000000.0,2656000000.0,3.0323,3.0416,3.0416,1412000000.0,1412000000.0,0.0596,0.0793,AAL
2018-09-30 00:00:00,44213000000.0,32174000000.0,12039000000.0,1519000000.0,2724000000.0,,-826000000.0,1054000000.0,1898000000.0,1394000000.0,504000000.0,504000000.0,2.89,0.2723,0.0616,0.0429,0.0114,-0.0173,2724000000.0,2724000000.0,1.1646,1.1662,1.1662,504000000.0,504000000.0,0.0616,0.0736,AAL
2018-06-30 00:00:00,43619000000.0,31146000000.0,12473000000.0,1524000000.0,3295000000.0,,-830000000.0,1058000000.0,2465000000.0,1672000000.0,793000000.0,793000000.0,3.44,0.286,0.0755,0.0565,0.0182,-0.0176,3295000000.0,3295000000.0,1.7168,1.7219,1.7219,793000000.0,793000000.0,0.0755,0.0848,AAL
2018-03-31 00:00:00,43203000000.0,30252000000.0,12951000000.0,1515000000.0,3890000000.0,,-792000000.0,1058000000.0,3098000000.0,1997000000.0,1101000000.0,1101000000.0,3.86,0.2998,0.09,0.0717,0.0255,-0.0152,3890000000.0,3890000000.0,2.2728,2.2827,2.2827,1101000000.0,1101000000.0,0.09,0.0994,AAL
2017-12-31 00:00:00,42622000000.0,29590000000.0,13032000000.0,1477000000.0,4231000000.0,,-836000000.0,1053000000.0,3395000000.0,2113000000.0,1282000000.0,1282000000.0,3.93,0.3058,0.0993,0.0797,0.0301,-0.0266,4231000000.0,4231000000.0,2.6074,2.6207,2.6207,1282000000.0,1282000000.0,0.0993,0.1113,AAL
2017-09-30 00:00:00,41762000000.0,28955000000.0,12807000000.0,1428000000.0,4135000000.0,,-795000000.0,1039000000.0,3340000000.0,1278000000.0,2062000000.0,2062000000.0,3.95,0.3067,0.099,0.08,0.0494,-0.0046,4135000000.0,4135000000.0,4.2097,4.2323,4.2323,2062000000.0,2062000000.0,0.099,0.1181,AAL
2017-06-30 00:00:00,41391000000.0,28385000000.0,13006000000.0,1375000000.0,4310000000.0,,-844000000.0,1023000000.0,3466000000.0,1328000000.0,2138000000.0,2138000000.0,4.06,0.3142,0.1041,0.0837,0.0517,0.0042,4310000000.0,4310000000.0,4.2459,4.2715,4.2715,2138000000.0,2138000000.0,0.1041,0.136,AAL
2017-03-31 00:00:00,40527000000.0,27692000000.0,12835000000.0,1333000000.0,4462000000.0,,-892000000.0,1009000000.0,3570000000.0,1346000000.0,2224000000.0,2224000000.0,4.11,0.3167,0.1101,0.0881,0.0549,0.0103,4462000000.0,4462000000.0,4.1715,4.1986,4.1986,2224000000.0,2224000000.0,0.1101,0.1518,AAL
2016-12-31 00:00:00,40142000000.0,26891000000.0,13251000000.0,1323000000.0,5060000000.0,,-908000000.0,991000000.0,4152000000.0,1568000000.0,2584000000.0,2584000000.0,4.8,0.3301,0.1261,0.1034,0.0644,0.0229,5060000000.0,5060000000.0,4.6466,4.6785,4.6785,2584000000.0,2584000000.0,0.1261,0.1625,AAL
2016-09-30 00:00:00,40022000000.0,26251000000.0,13771000000.0,1331000000.0,5585000000.0,,-1541000000.0,966000000.0,4044000000.0,-1624000000.0,5668000000.0,5668000000.0,9.48,0.3441,0.1395,0.101,0.1416,0.0099,5585000000.0,5585000000.0,9.0938,9.2599,9.2599,5668000000.0,5668000000.0,0.1395,0.153,AAL
2016-06-30 00:00:00,40134000000.0,26016000000.0,14118000000.0,1350000000.0,6153000000.0,,-1589000000.0,935000000.0,4564000000.0,-2060000000.0,6624000000.0,6624000000.0,10.64,0.3518,0.1533,0.1137,0.165,0.0053,6153000000.0,6153000000.0,10.1863,10.4151,10.4151,6624000000.0,6624000000.0,0.1533,0.1555,AAL
2016-03-31 00:00:00,40598000000.0,26265000000.0,14333000000.0,1366000000.0,6323000000.0,,-1533000000.0,909000000.0,4790000000.0,-2588000000.0,7378000000.0,7378000000.0,11.42,0.353,0.1557,0.118,0.1817,0.0027,6323000000.0,6323000000.0,10.9161,11.2018,11.2018,7378000000.0,7378000000.0,0.1557,0.157,AAL
2015-12-31 00:00:00,40990000000.0,26603000000.0,14387000000.0,1394000000.0,6204000000.0,,-1588000000.0,880000000.0,4616000000.0,-2994000000.0,7610000000.0,7610000000.0,11.61,0.351,0.1514,0.1126,0.1857,0.0032,6204000000.0,6204000000.0,11.0714,11.3855,11.3855,7610000000.0,7610000000.0,0.1514,0.1525,AAL
2015-09-30 00:00:00,41521000000.0,27447000000.0,14074000000.0,1400000000.0,5996000000.0,,-1059000000.0,872000000.0,4937000000.0,12000000.0,4925000000.0,4925000000.0,7.21,0.339,0.1444,0.1189,0.1186,0.0224,5996000000.0,5996000000.0,7.0168,7.2152,7.2152,4925000000.0,4925000000.0,0.1444,0.1644,AAL
2015-06-30 00:00:00,41954000000.0,28636000000.0,13318000000.0,1427000000.0,5257000000.0,,-1080000000.0,863000000.0,4177000000.0,3000000.0,4174000000.0,4174000000.0,5.96,0.3174,0.1253,0.0996,0.0995,-0.0105,5257000000.0,5257000000.0,5.8111,5.9673,5.9673,4174000000.0,4174000000.0,0.1253,0.1259,AAL
2015-03-31 00:00:00,42482000000.0,29589000000.0,12893000000.0,1479000000.0,4735000000.0,,-1073000000.0,854000000.0,3662000000.0,328000000.0,3334000000.0,3334000000.0,4.69,0.3035,0.1115,0.0862,0.0785,-0.0311,4735000000.0,4735000000.0,4.5789,4.6922,4.6922,3334000000.0,3334000000.0,0.1115,0.1016,AAL
2014-12-31 00:00:00,42650000000.0,30644000000.0,12006000000.0,1544000000.0,4249000000.0,,-1037000000.0,887000000.0,3212000000.0,330000000.0,2882000000.0,2882000000.0,4.01,0.2815,0.0996,0.0753,0.0676,-0.0515,4249000000.0,4249000000.0,3.9264,4.0169,4.0169,2882000000.0,2882000000.0,0.0996,0.0722,AAL
2014-09-30 00:00:00,39857000000.0,28925000000.0,10932000000.0,1497000000.0,3504000000.0,,-3184000000.0,882000000.0,320000000.0,36000000.0,284000000.0,284000000.0,-5.49,0.2743,0.0879,0.008,0.0071,-0.0886,3504000000.0,3504000000.0,-3.836,-4.045,-4.045,284000000.0,284000000.0,0.0879,0.0267,AAL
2014-06-30 00:00:00,35546000000.0,25900000000.0,9646000000.0,1398000000.0,2945000000.0,,-3285000000.0,898000000.0,-340000000.0,7000000.0,-369000000.0,-369000000.0,,0.2714,0.0829,-0.0096,-0.0104,-0.0685,2945000000.0,2945000000.0,-4.1174,-4.1977,-4.1977,-369000000.0,-369000000.0,0.0829,0.0406,AAL
2014-03-31 00:00:00,30640000000.0,22698000000.0,7942000000.0,1269000000.0,2058000000.0,,-3382000000.0,845000000.0,-1324000000.0,-587000000.0,-1013000000.0,-1013000000.0,,0.2592,0.0672,-0.0432,-0.0331,-0.0633,2058000000.0,2058000000.0,-4.5308,-4.5152,-4.5152,-1013000000.0,-1013000000.0,0.0672,0.0402,AAL
2013-12-31 00:00:00,26743000000.0,19805000000.0,6938000000.0,1158000000.0,1399000000.0,,-3579000000.0,856000000.0,-2180000000.0,-630000000.0,-1834000000.0,-1834000000.0,,0.2594,0.0523,-0.0815,-0.0686,-0.0864,1399000000.0,1399000000.0,-6.5451,-6.545,-6.545,-1834000000.0,-1834000000.0,0.0523,0.0252,AAL
2013-09-30 00:00:00,25312000000.0,18550000000.0,6762000000.0,,1328000000.0,,-1488000000.0,770000000.0,-160000000.0,,431000000.0,431000000.0,,0.2671,0.0525,-0.0063,0.017,-0.0568,1328000000.0,1328000000.0,-0.7387,-0.4623,-0.4623,431000000.0,431000000.0,0.0525,0.0634,AAL
2013-06-30 00:00:00,24913000000.0,18867000000.0,6046000000.0,,678000000.0,,-1365000000.0,705000000.0,-687000000.0,,-96000000.0,-96000000.0,,0.2427,0.0272,-0.0276,-0.0039,-0.0576,678000000.0,678000000.0,-2.449,-2.33,-2.33,-96000000.0,-96000000.0,0.0272,0.0575,AAL
2013-03-31 00:00:00,24916000000.0,19352000000.0,5564000000.0,,308000000.0,,-1456000000.0,708000000.0,-1148000000.0,,-557000000.0,-557000000.0,,0.2233,0.0124,-0.0461,-0.0224,-0.0594,308000000.0,308000000.0,-3.9309,-3.9309,-3.9309,-557000000.0,-557000000.0,0.0124,0.0368,AAL
2012-12-31 00:00:00,24855000000.0,19744000000.0,5111000000.0,,148000000.0,,-2593000000.0,632000000.0,-2445000000.0,,-1876000000.0,-1876000000.0,,0.2056,0.006,-0.0984,-0.0755,-0.0193,148000000.0,148000000.0,-7.5193,-7.5193,-7.5193,-1876000000.0,-1876000000.0,0.006,0.0517,AAL
