Date,Revenue,Cost of Revenue,Gross Profit,SG&A Expenses,Operating Income,Interest Expense (Operating),Non-operating Income/Expense,Non-operating Interest Expenses,EBT,Income Tax Provision,Income after Tax,Net Income Common,EPS (Basic),Gross Margin,EBIT Margin,EBT margin,Net Profit Margin,Free Cash Flow Margin,EBITDA,EBIT,"EPS (Diluted, from Cont. Ops)","EPS (Basic, Consolidated)","EPS (Basic, from Continuous Ops)",Income from Continuous Operations,Consolidated Net Income/Loss,EBITDA Margin,Operating Cash Flow Margin,Ticker
2022-09-30 00:00:00,11345767000.0,6301197000.0,5045570000.0,4249594900.0,694611100.0,,-10698000.0,44821000.0,712182000.0,171798000.0,476844000.0,539384000.0,,0.4447,0.0612,0.0628,0.0475,0.0367,,694611300.0,7.7951,7.849,7.849,476844000.0,539384000.0,0.0,0.0746,AAP
2022-07-31 00:00:00,12078636000.0,6707397000.0,5372239000.0,,,42000000.0,-1058000.0,,747894000.0,178701000.0,,568193000.0,9.31,0.4448,0.0,0.0619,0.047,0.0511,1130642900.0,,,,,,568193000.0,0.0936,0.0511,AAP
2022-06-30 00:00:00,11810636000.0,6554397000.0,5256239000.0,4184941900.0,746611100.0,,-9058000.0,41369000.0,656894000.0,150701000.0,535675000.0,506193000.0,8.23,0.445,0.0632,0.0556,0.0429,0.006,1037642900.0,746611300.0,8.6378,8.7026,8.7026,535675000.0,506193000.0,0.0879,0.0373,AAP
2022-04-30 00:00:00,11766210000.0,6519690000.0,5246520000.0,,,40000000.0,12860000.0,,688130000.0,157339000.0,,531791000.0,8.52,0.4459,0.0,0.0585,0.0452,0.0192,1069851000.0,,,,,,531791000.0,0.0909,0.0192,AAP
2022-03-31 00:00:00,11041210000.0,6110690000.0,4931520000.0,4126904900.0,789857400.0,,7860000.0,39468000.0,743130000.0,173339000.0,569969000.0,570791000.0,9.0,0.4466,0.0715,0.0673,0.0517,0.0359,1085851000.0,789857600.0,9.0024,9.0739,9.0739,569969000.0,570791000.0,0.0983,0.0659,AAP
2021-12-31 00:00:00,10316415000.0,5703164000.0,4614251000.0,3767977900.0,838716600.0,38000000.0,20837000.0,37791000.0,797765000.0,189069000.0,616108000.0,609696000.0,9.48,0.4473,0.0813,0.0773,0.0591,0.0912,1099986200.0,838716800.0,9.5507,9.6225,9.6225,616108000.0,609696000.0,0.1066,0.1191,AAP
2021-09-30 00:00:00,11249415000.0,6226164000.0,5024251000.0,4000323000.0,878082300.0,37000000.0,54837000.0,37380000.0,943765000.0,231069000.0,646436000.0,713696000.0,10.99,0.4466,0.0781,0.0839,0.0634,0.0984,1276986200.0,878081800.0,9.88,9.9468,9.9468,646436000.0,713696000.0,0.1135,0.1219,AAP
2021-07-31 00:00:00,11958785000.0,6626608000.0,5333177000.0,4295120000.0,,40000000.0,37482000.0,,967539000.0,237913000.0,,729626000.0,11.14,0.446,0.0,0.0809,0.061,0.1298,1309368300.0,,,,,,729626000.0,0.1095,0.1298,AAP
2021-06-30 00:00:00,11674917000.0,6441043000.0,5233874000.0,4300990100.0,905695300.0,,13400000.0,40718000.0,870283000.0,207660000.0,624099000.0,662623000.0,10.06,0.4483,0.0776,0.0745,0.0568,0.0867,1203365200.0,905694800.0,9.3285,9.3835,9.3835,624099000.0,662623000.0,0.1031,0.1085,AAP
2021-04-30 00:00:00,11567430000.0,6394336000.0,5173094000.0,4228327100.0,,45000000.0,-38710000.0,,830056000.0,198653000.0,,631403000.0,9.44,0.4472,0.0,0.0718,0.0546,0.1021,1214880000.0,,,,,,631403000.0,0.105,0.1021,AAP
2021-03-31 00:00:00,10738430000.0,5944336000.0,4794094000.0,3860327100.0,923611800.0,,-63710000.0,45834000.0,837056000.0,201653000.0,635363000.0,635403000.0,9.37,0.4464,0.086,0.0779,0.0592,0.0964,1182880000.0,923611300.0,9.3296,9.3718,9.3718,635363000.0,635403000.0,0.1102,0.12,AAP
2020-12-31 00:00:00,9909440000.0,5503558000.0,4405882000.0,3461399100.0,749907700.0,46000000.0,-67660000.0,46886000.0,843822000.0,204389000.0,493021000.0,639433000.0,9.29,0.4446,0.0757,0.0852,0.0645,0.114,1172984600.0,749907200.0,7.1449,7.1714,7.1714,493021000.0,639433000.0,0.1184,0.1409,AAP
2020-09-30 00:00:00,10242308000.0,5746123000.0,4496185000.0,3607529000.0,724221900.0,45000000.0,-45578000.0,45426000.0,763078000.0,192642000.0,476931000.0,571436000.0,8.26,0.439,0.0707,0.0745,0.0558,0.0734,1137987700.0,724221700.0,6.8805,6.905,6.905,476931000.0,571436000.0,0.1111,0.1217,AAP
2020-07-31 00:00:00,10398262000.0,5857815000.0,4540447000.0,3830177000.0,,,-4537000.0,,625733000.0,159185000.0,,467548000.0,6.75,0.4367,0.0,0.0602,0.045,0.0862,980490800.0,,,,,,467548000.0,0.0943,0.0862,AAP
2020-06-30 00:00:00,10009877000.0,5637660000.0,4372217400.0,3808806800.0,639738800.0,,-23639000.0,41944000.0,492771000.0,120316000.0,453124000.0,373455000.0,5.4,0.4368,0.0639,0.0492,0.0373,0.0319,835437900.0,639738600.0,6.5015,6.5237,6.5237,453124000.0,373455000.0,0.0835,0.0617,AAP
2020-04-30 00:00:00,9820603000.0,5533174000.0,4287429400.0,3814535800.0,,,-24922000.0,,400971000.0,94807000.0,,307164000.0,4.41,0.4366,0.0,0.0408,0.0313,0.0404,744587100.0,,,,,,307164000.0,0.0758,0.0404,AAP
2020-03-31 00:00:00,9454849000.0,5331982000.0,4122867400.0,3575201800.0,547666100.0,,-40484000.0,37197000.0,507181000.0,119197000.0,387984000.0,387984000.0,5.52,0.4361,0.0579,0.0536,0.041,0.0412,794731100.0,547665900.0,5.4935,5.5153,5.5153,387984000.0,387984000.0,0.0841,0.0712,AAP
2019-12-31 00:00:00,9709003000.0,5454257000.0,4254746400.0,3577565800.0,677180900.0,,-39434000.0,39898000.0,637746000.0,150850000.0,486896000.0,486896000.0,6.88,0.4382,0.0697,0.0657,0.0501,0.0624,915552000.0,677180700.0,6.8417,6.8702,6.8702,486896000.0,486896000.0,0.0943,0.0893,AAP
2019-09-30 00:00:00,9701460000.0,5446841000.0,4254619100.0,3619326900.0,635292000.0,,-47728000.0,45037000.0,587564000.0,143134000.0,444430000.0,444430000.0,6.23,0.4386,0.0655,0.0606,0.0458,0.0608,869457100.0,635291300.0,6.197,6.2236,6.2236,444430000.0,444430000.0,0.0896,0.0864,AAP
2019-06-30 00:00:00,9664336000.0,5414716000.0,4249620100.0,3632414900.0,617205100.0,,-43461000.0,49670000.0,573744000.0,137140000.0,436604000.0,436604000.0,6.04,0.4397,0.0639,0.0594,0.0452,0.0648,850402200.0,617204400.0,6.0083,6.0343,6.0343,436604000.0,436604000.0,0.088,0.0889,AAP
2019-03-31 00:00:00,9658742000.0,5407001000.0,4251741100.0,3637766900.0,613974100.0,,-48969000.0,53850000.0,565005000.0,135385000.0,429620000.0,429620000.0,5.89,0.4402,0.0636,0.0585,0.0445,0.0666,850351200.0,613973400.0,5.862,5.8856,5.8856,429620000.0,429620000.0,0.088,0.0892,AAP
2018-12-31 00:00:00,9580554000.0,5361141000.0,4219413100.0,3615137900.0,604275200.0,,-49011000.0,56588000.0,555264000.0,131417000.0,423847000.0,423847000.0,5.75,0.4404,0.0631,0.058,0.0442,0.0646,842459200.0,604274500.0,5.7283,5.7488,5.7488,423847000.0,423847000.0,0.0879,0.0847,AAP
2018-09-30 00:00:00,9512468000.0,5348129000.0,4164339600.0,3557164000.0,607175300.0,,-47630000.0,56749000.0,559545000.0,4639000.0,554906000.0,554906000.0,7.51,0.4378,0.0638,0.0588,0.0583,0.0792,847266300.0,607175300.0,7.48,7.5048,7.5048,554906000.0,554906000.0,0.0891,0.0926,AAP
2018-06-30 00:00:00,9419719000.0,5314599000.0,4105120500.0,3495617000.0,609503100.0,,-52878000.0,56987000.0,556625000.0,21566000.0,535059000.0,535059000.0,7.24,0.4358,0.0647,0.0591,0.0568,0.0699,851807200.0,609503100.0,7.214,7.2366,7.2366,535059000.0,535059000.0,0.0904,0.0825,AAP
2018-03-31 00:00:00,9356794000.0,5270145000.0,4086649500.0,3497976000.0,588673000.0,,-53560000.0,58053000.0,535113000.0,30841000.0,504272000.0,504272000.0,6.83,0.4368,0.0629,0.0572,0.0539,0.0611,832195100.0,588673000.0,6.8018,6.8242,6.8242,504272000.0,504272000.0,0.0889,0.0769,AAP
2017-12-31 00:00:00,9373784000.0,5288735000.0,4085049500.0,3514837000.0,570211800.0,,-49953000.0,58801000.0,520259000.0,44754000.0,475505000.0,475505000.0,6.44,0.4358,0.0608,0.0555,0.0507,0.045,819471900.0,570211800.0,6.4163,6.4392,6.4392,475505000.0,475505000.0,0.0874,0.0641,AAP
2017-09-30 00:00:00,9419689000.0,5300645000.0,4119043500.0,3529836900.0,589206000.0,,-46174000.0,59030000.0,543033000.0,189663000.0,353370000.0,353370000.0,4.78,0.4373,0.0626,0.0576,0.0375,0.0306,841084100.0,589206000.0,4.7712,4.7866,4.7866,353370000.0,353370000.0,0.0893,0.0528,AAP
2017-06-30 00:00:00,9486311000.0,5326770000.0,4159540600.0,3533134900.0,626405300.0,,-49535000.0,59297000.0,576871000.0,205653000.0,371218000.0,371218000.0,5.02,0.4385,0.066,0.0608,0.0391,0.0359,880727300.0,626405300.0,5.0171,5.033,5.033,371218000.0,371218000.0,0.0928,0.0614,AAP
2017-03-31 00:00:00,9478739000.0,5302029000.0,4176709600.0,3480330900.0,696378500.0,,-46560000.0,59397000.0,649819000.0,241050000.0,408769000.0,408769000.0,5.53,0.4406,0.0735,0.0686,0.0431,0.0249,952875500.0,696378500.0,5.5297,5.5477,5.5477,408769000.0,408769000.0,0.1005,0.0496,AAP
2016-12-31 00:00:00,9567679000.0,5311764000.0,4255914600.0,3468316900.0,787597700.0,,-48763000.0,59910000.0,738835000.0,279213000.0,459622000.0,459622000.0,6.23,0.4448,0.0823,0.0772,0.048,0.0278,1045984700.0,787597700.0,6.2232,6.2481,6.2481,459622000.0,459622000.0,0.1093,0.0547,AAP
2016-09-30 00:00:00,9518332000.0,5260810000.0,4257522300.0,3475393900.0,782128400.0,,-56380000.0,60354000.0,725749000.0,273673000.0,452076000.0,452610000.0,6.14,0.4473,0.0822,0.0762,0.0476,0.035,1043370500.0,782128700.0,6.12,6.1506,6.1506,452076000.0,452076000.0,0.1096,0.064,AAP
2016-06-30 00:00:00,9564680000.0,5262976000.0,4301704300.0,3507818900.0,793885200.0,,-53558000.0,61157000.0,740328000.0,281627000.0,458701000.0,459235000.0,6.24,0.4497,0.083,0.0774,0.048,0.0338,1056766300.0,793885500.0,6.2119,6.25,6.25,458701000.0,458701000.0,0.1105,0.0607,AAP
2016-03-31 00:00:00,9678562000.0,5299826000.0,4378736300.0,3544485900.0,834250200.0,,-65027000.0,62574000.0,769224000.0,285125000.0,484099000.0,484633000.0,6.59,0.4524,0.0862,0.0795,0.0501,0.0437,1099799300.0,834250500.0,6.5601,6.6061,6.6061,484099000.0,484099000.0,0.1136,0.0712,AAP
2015-12-31 00:00:00,9737017000.0,5314246000.0,4422771300.0,3596991900.0,825779000.0,,-72892000.0,65408000.0,752888000.0,279490000.0,473398000.0,473398000.0,6.45,0.4542,0.0848,0.0773,0.0486,0.0481,1095255100.0,825779300.0,6.4204,6.468,6.468,473398000.0,473398000.0,0.1125,0.0722,AAP
2015-09-30 00:00:00,9940682000.0,5423141000.0,4517541000.0,3646362100.0,871178000.0,,-71158000.0,68601000.0,800020900.0,297008000.0,503013000.0,502211000.0,6.86,0.4544,0.0876,0.0805,0.0505,0.0464,1144752000.0,871178500.0,6.8282,6.8769,6.8769,503013000.0,503013000.0,0.1152,0.0693,AAP
2015-06-30 00:00:00,9934935000.0,5415339000.0,4519596000.0,3644784100.0,874811100.0,,-73555000.0,70120000.0,801256900.0,296536000.0,504721000.0,503527000.0,6.89,0.4549,0.0881,0.0807,0.0507,0.0487,1152661000.0,874811600.0,6.8589,6.9062,6.9062,504721000.0,504721000.0,0.116,0.0724,AAP
2015-03-31 00:00:00,9912595000.0,5418180000.0,4494415000.0,3635979100.0,858435100.0,,-70962000.0,71543000.0,787473900.0,293263000.0,494211000.0,492562000.0,6.76,0.4534,0.0866,0.0794,0.0497,0.0511,1138170000.0,858435600.0,6.7236,6.7692,6.7692,494211000.0,494211000.0,0.1148,0.0737,AAP
2014-12-31 00:00:00,9843861000.0,5390248000.0,4453613000.0,3601903100.0,851709500.0,,-70316000.0,73408000.0,781393900.0,287569000.0,493825000.0,492270000.0,6.76,0.4524,0.0865,0.0794,0.05,0.0489,1136402500.0,851710000.0,6.7266,6.771,6.771,493825000.0,493825000.0,0.1154,0.072,AAP
2014-09-30 00:00:00,9015465000.0,4864015800.0,4151449200.0,3354971800.0,796477300.0,,-64174000.0,66392000.0,732303000.0,273645000.0,458658000.0,457267000.0,6.28,0.4605,0.0883,0.0812,0.0507,0.0533,1062828300.0,796477300.0,6.251,6.2926,6.2926,458658000.0,458658000.0,0.1179,0.0762,AAP
2014-06-30 00:00:00,8246153000.0,4366205800.0,3879947300.0,3121903800.0,758043400.0,,-56251000.0,58437000.0,701792000.0,261481000.0,440311000.0,439080000.0,6.04,0.4705,0.0919,0.0851,0.0532,0.0447,1006469500.0,758043400.0,6.0069,6.0452,6.0452,440311000.0,440311000.0,0.1221,0.0674,AAP
2014-03-31 00:00:00,7448009000.0,3850946800.0,3597062300.0,2885009800.0,712052200.0,,-47257000.0,49600000.0,664795000.0,247101000.0,417694000.0,416643000.0,5.73,0.483,0.0956,0.0893,0.0559,0.0414,944025300.0,712052200.0,5.7,5.7351,5.7351,417694000.0,417694000.0,0.1267,0.0659,AAP
2013-12-31 00:00:00,6493814000.0,3241667800.0,3252146300.0,2591827800.0,660317900.0,,-33920000.0,36618000.0,626398000.0,234640000.0,391758000.0,390863000.0,5.37,0.5008,0.1017,0.0965,0.0602,0.0569,868112900.0,660317900.0,5.3362,5.3717,5.3717,391758000.0,391758000.0,0.1337,0.084,AAP
2013-09-30 00:00:00,6414202000.0,3200678000.0,3213524300.0,2530853900.0,682670200.0,,-33094000.0,34624000.0,649576000.0,242030000.0,407546000.0,406206000.0,5.58,0.501,0.1064,0.1013,0.0633,0.06,888506200.0,682669900.0,5.545,5.581,5.581,407546000.0,407546000.0,0.1385,0.0903,AAP
2013-06-30 00:00:00,6351585000.0,3175651000.0,3175934200.0,2513627900.0,662306100.0,,-33248000.0,34724000.0,629058000.0,235839000.0,393219000.0,392111000.0,5.37,0.5,0.1043,0.099,0.0617,0.0583,865395100.0,662305800.0,5.3348,5.377,5.377,393219000.0,393219000.0,0.1362,0.0919,AAP
2013-03-31 00:00:00,6263015000.0,3137446000.0,3125569200.0,2488749900.0,636819100.0,,-33591000.0,34647000.0,603228000.0,227274000.0,375954000.0,375121000.0,5.13,0.4991,0.1017,0.0963,0.0599,0.0557,834591100.0,636818800.0,5.0858,5.1362,5.1362,375954000.0,375954000.0,0.1333,0.0934,AAP
2012-12-31 00:00:00,6205003000.0,3106967000.0,3098036200.0,2440720900.0,657315200.0,,-33241000.0,33841000.0,624074000.0,236404000.0,387670000.0,386800000.0,5.3,0.4993,0.1059,0.1006,0.0623,0.0678,846859200.0,657314900.0,5.2344,5.304,5.304,387670000.0,387670000.0,0.1365,0.1104,AAP
