Date,Revenue,Cost of Revenue,Gross Profit,SG&A Expenses,Operating Income,Interest Expense (Operating),Non-operating Income/Expense,Non-operating Interest Expenses,EBT,Income Tax Provision,Income after Tax,Net Income Common,EPS (Basic),Gross Margin,EBIT Margin,EBT margin,Net Profit Margin,Free Cash Flow Margin,EBITDA,EBIT,"EPS (Diluted, from Cont. Ops)","EPS (Diluted, from Disc. Ops)","EPS (Basic, Consolidated)","EPS (Basic, from Discontinued Ops)","EPS (Basic, from Continuous Ops)",Income from Continuous Operations,Income from Discontinued Operations,Consolidated Net Income/Loss,EBITDA Margin,Operating Cash Flow Margin,Ticker
2022-09-30 00:00:00,238587010000.0,230290640000.0,8296367000.0,5073220000.0,2366379000.0,222000000.0,-183321000.0,210673000.0,2183057000.0,516517000.0,1666540000.0,1698820000.0,8.14,0.0348,0.0099,0.0091,0.0071,0.0092,3245361400.0,2366379000.0,7.8852,,7.9886,,7.9886,1666540000.0,,1666540000.0,0.0136,0.0113,ABC
2022-06-30 00:00:00,236325290000.0,227945060000.0,8380226000.0,5106832000.0,2473773600.0,230000000.0,-119101000.0,213746000.0,2354652900.0,550341000.0,1804311900.0,1841781100.0,8.83,0.0355,0.0105,0.01,0.0078,0.0088,3259572500.0,2473761800.0,8.5332,,8.647,,8.647,1804311900.0,,1804312000.0,0.0138,0.0108,ABC
2022-03-31 00:00:00,229666390000.0,221413320000.0,8253062000.0,4967188000.0,2607203300.0,225000000.0,-155324000.0,212222000.0,2451859900.0,715303000.0,1736556900.0,1726939100.0,8.3,0.0359,0.0114,0.0107,0.0075,0.0125,3272660200.0,2607191500.0,8.2321,,8.3413,,8.3413,1736556900.0,,1736557000.0,0.0142,0.0146,ABC
2021-12-31 00:00:00,221101110000.0,213549740000.0,7551367000.0,4495792000.0,2451394700.0,205000000.0,-161192000.0,193832000.0,2290181900.0,674865000.0,1615316900.0,1614192100.0,7.8,0.0342,0.0111,0.0104,0.0073,0.0099,3042299600.0,2451382900.0,7.7064,,7.8057,,7.8057,1615316900.0,,1615317000.0,0.0138,0.0119,ABC
2021-09-30 00:00:00,213988850000.0,207045610000.0,6943238000.0,4066162000.0,2354215000.0,183000000.0,-132338000.0,174074000.0,2221858900.0,677251000.0,1544607900.0,1539932100.0,7.48,0.0324,0.011,0.0104,0.0072,0.0105,2869001000.0,2354203200.0,7.4095,,7.501,,7.501,1544607900.0,,1544608000.0,0.0134,0.0125,ABC
2021-06-30 00:00:00,204321180000.0,198100530000.0,6220652000.0,10116711000.0,-4320855100.0,159000000.0,-154699000.0,154185000.0,-4475534000.0,-739189000.0,-3736345000.0,-3743838000.0,-18.37,0.0304,-0.0211,-0.0219,-0.0183,0.0127,-3881306100.0,-4320859100.0,-18.2484,,-18.2443,,-18.2443,-3736345000.0,,-3736345000.0,-0.019,0.0145,ABC
2021-03-31 00:00:00,196282260000.0,190724100000.0,5558160000.0,9701803000.0,-4536749700.0,145000000.0,-168498000.0,140595000.0,-4705229000.0,-960704000.0,-3744525000.0,-3746521000.0,-18.37,0.0283,-0.0231,-0.024,-0.0191,0.0067,-4129539700.0,-4536753700.0,-18.265,,-18.2668,,-18.2668,-3744525000.0,,-3744525000.0,-0.021,0.0085,ABC
2020-12-31 00:00:00,194545730000.0,189132840000.0,5412886000.0,9654711000.0,-4851581800.0,152000000.0,-143974000.0,140490000.0,-4995537000.0,-1788118000.0,-3207419000.0,-3221511000.0,-15.81,0.0278,-0.0249,-0.0257,-0.0166,0.0135,-4448630800.0,-4851585800.0,-15.6685,,-15.6562,,-15.6562,-3207419000.0,,-3207419000.0,-0.0229,0.0153,ABC
2020-09-30 00:00:00,189893920000.0,184702050000.0,5191871000.0,9574524000.0,-5135370900.0,159000000.0,-158477000.0,137883000.0,-5293831000.0,-1894273000.0,-3399558000.0,-3408716000.0,-16.73,0.0273,-0.027,-0.0279,-0.018,0.0099,-4727357900.0,-5135374900.0,-16.6008,,-16.6008,,-16.6008,-3399558000.0,,-3399558000.0,-0.0249,0.0116,ABC
2020-06-30 00:00:00,186286960000.0,181257190000.0,5029777000.0,3108227900.0,1157632800.0,,-163347000.0,139579000.0,994277000.0,-582977000.0,1577254100.0,1569975000.0,7.65,0.027,0.0062,0.0053,0.0084,0.0067,1579972700.0,1157628900.0,7.6254,,7.6883,,7.6883,1577254100.0,,1577254000.0,0.0085,0.0085,ABC
2020-03-31 00:00:00,186159450000.0,181124160000.0,5035300000.0,3099706900.0,1159492200.0,,-137930000.0,137752000.0,1021557000.0,-570431000.0,1591988100.0,1582495000.0,7.67,0.027,0.0062,0.0055,0.0085,0.0104,1595343100.0,1159488300.0,7.658,,7.7178,,7.7178,1591988100.0,,1591988000.0,0.0086,0.012,ABC
2019-12-31 00:00:00,182061410000.0,176989480000.0,5071945000.0,3021986900.0,897539100.0,,-133399000.0,146606000.0,764138000.0,115188000.0,648950100.0,649353000.0,3.12,0.0279,0.0049,0.0042,0.0036,0.0094,1369164000.0,897535200.0,3.1001,,3.1223,,3.1223,648950100.0,,648950000.0,0.0075,0.011,ABC
2019-09-30 00:00:00,179589120000.0,174450820000.0,5138312000.0,2993981900.0,1111925800.0,,-144817000.0,157769000.0,967106000.0,112971000.0,854135100.0,855365000.0,4.07,0.0286,0.0062,0.0054,0.0048,0.0113,1609437700.0,1111921900.0,4.032,,4.0641,,4.0641,854135100.0,,854135000.0,0.009,0.0131,ABC
2019-06-30 00:00:00,177248460000.0,172262240000.0,4986219000.0,2795933100.0,1086175800.0,,-151854000.0,164413000.0,934324900.0,18493000.0,915831900.0,956034100.0,4.51,0.0281,0.0061,0.0053,0.0054,0.0114,1657441700.0,1086179700.0,4.2961,,4.3311,,4.3311,915831900.0,,915831900.0,0.0094,0.0132,ABC
2019-03-31 00:00:00,175151500000.0,170185180000.0,4966321000.0,2781085100.0,1068675800.0,,-160268000.0,175643000.0,908411900.0,16707000.0,891704900.0,929884100.0,4.33,0.0284,0.0061,0.0052,0.0053,0.013,1673063700.0,1068679700.0,4.1246,,4.1623,,4.1623,891704900.0,,891704900.0,0.0096,0.0148,ABC
2018-12-31 00:00:00,172865760000.0,168068510000.0,4797251000.0,2752535100.0,1502535200.0,,-251575000.0,181005000.0,1250959900.0,105168000.0,1145791900.0,1190204100.0,5.51,0.0278,0.0087,0.0072,0.0069,0.0089,2095836100.0,1502539100.0,5.2618,,5.3164,,5.3164,1145791900.0,,1145791900.0,0.0121,0.0109,ABC
2018-09-30 00:00:00,167939640000.0,163327320000.0,4612321000.0,2643821100.0,1443683700.0,,-266262000.0,174699000.0,1177422900.0,-438469000.0,1615891900.0,1658405100.0,7.6,0.0275,0.0086,0.007,0.0099,0.0064,2013476600.0,1443687600.0,7.3338,,7.4166,,7.4166,1615891900.0,,1615891900.0,0.012,0.0084,ABC
2018-06-30 00:00:00,163762520000.0,159010830000.0,4751692000.0,3148206000.0,1154566500.0,,-260574000.0,166963000.0,894012000.0,-183289000.0,1077301100.0,1080530000.0,5.17,0.029,0.0071,0.0055,0.0066,0.0109,1649289400.0,1154570400.0,4.8749,,4.9237,,4.9237,1077301100.0,,1077301000.0,0.0101,0.013,ABC
2018-03-31 00:00:00,159327350000.0,154707130000.0,4620227000.0,3256085000.0,935750100.0,,-253582000.0,155415000.0,682185000.0,-167593000.0,849778100.0,855073000.0,4.14,0.029,0.0059,0.0043,0.0054,0.0043,1392937000.0,935754000.0,3.8431,,3.8827,,3.8827,849778100.0,,849778000.0,0.0087,0.0066,ABC
2017-12-31 00:00:00,155440890000.0,150819930000.0,4620969000.0,3134987000.0,1079308700.0,,-165560000.0,144077000.0,913768000.0,-65323000.0,979091100.0,979091000.0,4.72,0.0297,0.0069,0.0059,0.0063,0.0099,1517112600.0,1079312600.0,4.4338,,4.486,,4.486,979091100.0,,979091000.0,0.0098,0.0125,ABC
2017-09-30 00:00:00,153143830000.0,148597840000.0,4545997000.0,3088057000.0,1060324300.0,,-142455000.0,145185000.0,917887000.0,553403000.0,364484100.0,364484000.0,1.9,0.0297,0.0069,0.006,0.0024,0.0068,1492655200.0,1060328200.0,1.6447,,1.6691,,1.6691,364484100.0,,364484000.0,0.0097,0.0098,ABC
2017-06-30 00:00:00,151584420000.0,147085910000.0,4498524000.0,2429817900.0,1420156300.0,,-139144000.0,144926000.0,1281001100.0,426245000.0,854756200.0,854755900.0,3.91,0.0297,0.0094,0.0085,0.0056,0.0063,1843868300.0,1420152400.0,3.8363,,3.8597,,3.8597,854756200.0,,854756000.0,0.0122,0.0098,ABC
2017-03-31 00:00:00,149758960000.0,145232460000.0,4526512000.0,2188509900.0,1778406300.0,,-135138000.0,144476000.0,1643258100.0,489699000.0,1153559200.0,1153558900.0,5.3,0.0302,0.0119,0.011,0.0077,0.0091,2194721300.0,1778402400.0,5.1626,,5.2482,,5.2482,1153559200.0,,1153559000.0,0.0147,0.0128,ABC
2016-12-31 00:00:00,148309920000.0,143964510000.0,4345414000.0,2191815900.0,2103906300.0,,-138282000.0,143143000.0,1965615100.0,620079000.0,1345536200.0,1345535900.0,6.32,0.0293,0.0142,0.0133,0.0091,0.01,2513152800.0,2103902400.0,5.9792,,6.2609,,6.2609,1345536200.0,,1345536000.0,0.0169,0.0135,ABC
2016-09-30 00:00:00,146849700000.0,142577090000.0,4272612900.0,2194147900.0,1525785200.0,,-134864000.0,139912000.0,1390910100.0,-37019000.0,1427929200.0,1427928900.0,6.79,0.0291,0.0104,0.0095,0.0097,0.0185,1917950700.0,1525781300.0,6.3194,,6.729,,6.729,1427929200.0,,1427929000.0,0.0131,0.0216,ABC
2016-06-30 00:00:00,144759470000.0,140637820000.0,4121648000.0,2202757000.0,1843277400.0,,-173626000.0,143815000.0,1669648000.0,26395000.0,1643253000.0,1643253000.0,7.85,0.0285,0.0127,0.0115,0.0114,0.018,2210165900.0,1843275400.0,7.4,,7.7522,,7.7522,1643253000.0,,1643253000.0,0.0153,0.0206,ABC
2016-03-31 00:00:00,142111340000.0,138206090000.0,3905245900.0,2139454000.0,1647214900.0,,-168890000.0,138455000.0,1478322000.0,-29939000.0,1508261000.0,1508261000.0,7.21,0.0275,0.0116,0.0104,0.0106,0.0254,1983601400.0,1647212900.0,6.7383,,7.1097,,7.1097,1508261000.0,,1508261000.0,0.014,0.0276,ABC
2015-12-31 00:00:00,139082250000.0,135340350000.0,3741894500.0,2069685000.0,332486400.0,,-168031000.0,125435000.0,164450000.0,-226971000.0,391421000.0,391421000.0,1.97,0.0269,0.0024,0.0012,0.0028,0.0252,626474400.0,332484400.0,1.7307,,1.8755,,1.8755,391421000.0,,391421000.0,0.0045,0.0272,ABC
2015-09-30 00:00:00,135961800000.0,132432480000.0,3529312500.0,1945734000.0,422220800.0,,-153256000.0,109036000.0,268964000.0,407129000.0,-138165000.0,-138165000.0,-0.54,0.026,0.0031,0.002,-0.001,0.0271,678208800.0,422218800.0,-0.6344,,-0.6344,,-0.6344,-138165000.0,,-138165000.0,0.005,0.0288,ABC
2015-06-30 00:00:00,132080130000.0,128651840000.0,3428279300.0,1846110000.0,90341900.0,,-107023000.0,94506000.0,-16634000.0,416992000.0,-433626000.0,-433626000.0,-1.96,0.026,0.0007,-0.0001,-0.0033,0.0255,323553900.0,90341900.0,-2.0606,,-1.9677,,-1.9558,-433626000.0,,-433626000.0,0.0024,0.0272,ABC
2015-03-31 00:00:00,128194730000.0,124965900000.0,3228822300.0,1729494000.0,-131343600.0,,-131309000.0,85616000.0,-262608000.0,397961000.0,-660569000.0,-660569000.0,-3.0,0.0252,-0.001,-0.002,-0.0052,0.0214,81152400.0,-131343600.0,-3.0121,,-3.0006,,-2.9921,-660569000.0,,-660569000.0,0.0006,0.0233,ABC
2014-12-31 00:00:00,123981360000.0,120934920000.0,3046437500.0,1640488000.0,534031400.0,,-112649000.0,82144000.0,421429000.0,388531000.0,32898000.0,32898000.0,0.11,0.0246,0.0043,0.0034,0.0003,0.0251,736108400.0,534031400.0,0.0789,,0.1154,,0.1189,32898000.0,,32898000.0,0.0059,0.0271,ABC
2014-09-30 00:00:00,119569120000.0,116586760000.0,2982365200.0,1588856000.0,782047000.0,,-112228000.0,83634000.0,669863000.0,388087000.0,281776000.0,274230000.0,1.2,0.0249,0.0065,0.0056,0.0023,0.01,978664000.0,782047000.0,1.2,,1.2062,,1.24,281776000.0,,274230000.0,0.0082,0.0122,ABC
2014-06-30 00:00:00,112449450000.0,109772090000.0,2677363300.0,1495810100.0,685800900.0,,-103936000.0,77881000.0,581875000.0,315086000.0,266789000.0,259705000.0,1.12,0.0238,0.0061,0.0052,0.0023,0.003,871166900.0,685800900.0,1.1298,,1.1322,,1.15,266789000.0,,259705000.0,0.0077,0.0053,ABC
2014-03-31 00:00:00,104007950000.0,101460140000.0,2547810600.0,1457908100.0,709570400.0,,-70106000.0,75168000.0,639474000.0,295795000.0,343679000.0,440924000.0,1.91,0.0245,0.0068,0.0061,0.0042,-0.0008,888667400.0,709570400.0,1.4598,,1.918,,1.49,343679000.0,,440924000.0,0.0085,0.0015,ABC
2013-12-31 00:00:00,96075720000.0,93540510000.0,2535207100.0,1402837100.0,758566400.0,,-73674000.0,74204000.0,684901000.0,317156000.0,367745000.0,306481000.0,1.33,0.0264,0.0079,0.0071,0.0032,-0.0019,933512400.0,758566400.0,1.57,-0.25,1.331,-0.26,1.6,367745000.0,-61264000.0,306481000.0,0.0097,0.0003,ABC
2013-09-30 00:00:00,87959170000.0,85451350000.0,2507810600.0,1357179100.0,898390600.0,,-73941000.0,73897000.0,824458000.0,331023000.0,493435000.0,433707000.0,1.88,0.0285,0.0102,0.0094,0.0049,0.0067,1069183600.0,898390600.0,2.1,-0.25,1.8769,-0.26,2.14,493435000.0,-59728000.0,433707000.0,0.0122,0.009,ABC
2013-06-30 00:00:00,82223840000.0,79580400000.0,2643433600.0,1341641000.0,1104968700.0,,-78413000.0,78072000.0,1026546000.0,391588000.0,634958100.0,546178000.0,2.33,0.0321,0.0134,0.0125,0.0066,0.0144,1271527700.0,1104964800.0,2.6502,-0.38,2.3279,-0.38,2.71,634958000.0,-88780000.0,546178000.0,0.0155,0.0166,ABC
2013-03-31 00:00:00,79644000000.0,76895140000.0,2748847600.0,1298737000.0,1294707000.0,,-78684000.0,83653000.0,1216015000.0,454990000.0,761025100.0,559010000.0,2.32,0.0345,0.0163,0.0153,0.007,0.0154,1455268000.0,1294703100.0,3.1202,-0.85,2.3177,-0.87,3.18,761025000.0,-202015000.0,559010000.0,0.0183,0.0173,ABC
2012-12-31 00:00:00,78828700000.0,76117090000.0,2711599500.0,1246948000.0,1321644500.0,,-82669000.0,88518000.0,1238967000.0,462942000.0,776025100.0,725481000.0,2.94,0.0344,0.0168,0.0157,0.0092,0.0111,1471834500.0,1321640600.0,3.09,-0.2,2.9413,-0.21,3.14,776025000.0,-50544000.0,725481000.0,0.0187,0.0135,ABC
