Date,Revenue,Cost of Revenue,Gross Profit,SG&A Expenses,Operating Income,Non-operating Income/Expense,Non-operating Interest Expenses,EBT,Income Tax Provision,Income after Tax,Share of Subsidiary Earnings,Net Income Common,EPS (Basic),Gross Margin,EBIT Margin,EBT margin,Net Profit Margin,Free Cash Flow Margin,EBITDA,EBIT,"EPS (Diluted, from Cont. Ops)","EPS (Basic, Consolidated)","EPS (Basic, from Continuous Ops)",Income from Continuous Operations,Consolidated Net Income/Loss,EBITDA Margin,Operating Cash Flow Margin,Ticker
2022-09-30 00:00:00,8714000000.0,6378644000.0,2477265400.0,95812000.0,1163974000.0,54478000.0,130814000.0,1076000000.0,53448000.0,1165004100.0,78306000.0,1200000000.0,3.12,0.2843,0.1336,0.1235,0.1377,0.4118,1277584000.0,1163974100.0,3.2359,3.3118,3.3118,1243309800.0,1243000000.0,0.1466,0.417,ACGL
2022-06-30 00:00:00,8305000000.0,5780395000.0,2790469300.0,97774000.0,1525100000.0,-66000.0,130927000.0,1258000000.0,72485000.0,1452549100.0,193918000.0,1582000000.0,4.08,0.336,0.1836,0.1515,0.1905,0.3886,1632741000.0,1525100100.0,4.2461,4.3444,4.3444,1646466800.0,1631000000.0,0.1966,0.3936,ACGL
2022-03-31 00:00:00,8717996000.0,5759394000.0,3166624200.0,86105000.0,1957293800.0,-108521000.0,133832000.0,1639367000.0,101341000.0,1747432100.0,213754000.0,1851820000.0,4.71,0.3632,0.2245,0.188,0.2124,0.3643,2053013800.0,1957293900.0,4.9453,5.0573,5.0573,1961185800.0,1945664000.0,0.2355,0.3689,ACGL
2021-12-31 00:00:00,9077790000.0,5887981000.0,3361999200.0,79157000.0,2201291800.0,-97941000.0,139470000.0,1930478000.0,128582000.0,1974769100.0,264693000.0,2093573000.0,5.3,0.3704,0.2425,0.2127,0.2306,0.373,2284246900.0,2201291900.0,5.5939,5.7167,5.7167,2239461800.0,2224372000.0,0.2516,0.3776,ACGL
2021-09-30 00:00:00,9207728000.0,5916802000.0,3396129500.0,86342000.0,2288263700.0,-179484000.0,145641000.0,2003347000.0,128235000.0,1980544900.0,234556000.0,2013714100.0,5.04,0.3688,0.2485,0.2176,0.2187,0.3405,2357282800.0,2288263800.0,5.4394,5.5606,5.5606,2215101000.0,2199686000.0,0.256,0.3456,ACGL
2021-06-30 00:00:00,9523979000.0,5848983000.0,3674995500.0,84607000.0,2587430700.0,-268614000.0,153808000.0,2318817000.0,147805000.0,2171011900.0,111356000.0,2033350100.0,5.07,0.3859,0.2717,0.2435,0.2135,0.3288,2653029800.0,2587430800.0,5.5746,5.6911,5.6911,2282368000.0,2282368000.0,0.2786,0.3336,ACGL
2021-03-31 00:00:00,9248991000.0,5839320000.0,3409670500.0,86576000.0,2354627700.0,-285489000.0,149247000.0,2069139000.0,122753000.0,1946385900.0,83707000.0,1657948100.0,4.12,0.3687,0.2546,0.2237,0.1793,0.3238,2421429900.0,2354627800.0,4.9494,5.0429,5.0429,2030093000.0,2030093000.0,0.2618,0.3286,ACGL
2020-12-31 00:00:00,8508509000.0,5694441000.0,2814067600.0,81988000.0,1787872900.0,-227090000.0,143456000.0,1560783000.0,111838000.0,1448944900.0,16766000.0,1363909100.0,3.38,0.3307,0.2101,0.1834,0.1603,0.3346,1856904000.0,1787873000.0,3.5727,3.6365,3.6365,1465711000.0,1465711000.0,0.2182,0.3392,ACGL
2020-09-30 00:00:00,7873892000.0,5379038000.0,2494853700.0,83490000.0,1475751700.0,-199967000.0,136236000.0,1275785000.0,105115000.0,1170669900.0,,1146749000.0,2.84,0.3169,0.1874,0.162,0.1456,0.3556,1547476800.0,1475752100.0,2.8767,2.9266,2.9266,1179164900.0,1179165100.0,0.1965,0.3603,ACGL
2020-06-30 00:00:00,7244301000.0,4928398000.0,2315902700.0,82614000.0,1313562700.0,-111943000.0,126221000.0,1201620000.0,119524000.0,1082095900.0,,1120163000.0,2.78,0.3197,0.1813,0.1659,0.1546,0.3614,1388575800.0,1313563100.0,2.6485,2.7051,2.7051,1089671900.0,1089672100.0,0.1917,0.3668,ACGL
2020-03-31 00:00:00,6728433000.0,4420719000.0,2307713700.0,82945000.0,1312072800.0,-75825000.0,124362000.0,1236248000.0,137869000.0,1098378900.0,,1290296000.0,3.2,0.343,0.195,0.1837,0.1918,0.3547,1390390800.0,1312073200.0,2.6881,2.7565,2.7565,1109127900.0,1109128100.0,0.2066,0.3602,ACGL
2019-12-31 00:00:00,6925967000.0,3974397000.0,2951569500.0,80111000.0,1988357600.0,-141481000.0,120872000.0,1846877000.0,155810000.0,1691066900.0,,1594707000.0,3.96,0.4262,0.2871,0.2667,0.2303,0.2903,2070461500.0,1988358000.0,4.1139,4.2142,4.2142,1693299900.0,1693300100.0,0.2989,0.2958,ACGL
2019-09-30 00:00:00,6536666000.0,3944579000.0,2592086600.0,80109000.0,1663512800.0,-63171000.0,119447000.0,1600342000.0,163486000.0,1436856000.0,,1404817100.0,3.49,0.3965,0.2545,0.2448,0.2149,0.2973,1749873700.0,1663513000.0,3.4999,3.581,3.581,1436856000.0,1436856000.0,0.2677,0.3031,ACGL
2019-06-30 00:00:00,6257790000.0,3832026000.0,2425763700.0,77383000.0,1529017800.0,-83859000.0,117849000.0,1445159000.0,158726000.0,1286433000.0,,1239773100.0,3.08,0.3876,0.2443,0.2309,0.1981,0.2784,1621690700.0,1529018000.0,3.138,3.2068,3.2068,1286433000.0,1286433000.0,0.2591,0.2836,ACGL
2019-03-31 00:00:00,5889459000.0,3783385000.0,2106073600.0,81644000.0,1221121800.0,-26265000.0,118913000.0,1194857000.0,137922000.0,1056935000.0,,1014465100.0,2.52,0.3576,0.2073,0.2029,0.1723,0.2308,1320472600.0,1221122000.0,2.5761,2.63,2.63,1056935000.0,1056935000.0,0.2242,0.2368,ACGL
2018-12-31 00:00:00,5450568000.0,3695241000.0,1755326700.0,78994000.0,892853800.0,-51082000.0,120484000.0,841772000.0,113951000.0,727821000.0,,713616100.0,1.7667,0.322,0.1638,0.1544,0.1309,0.2806,998523700.0,892854000.0,1.7626,1.8001,1.8001,727821000.0,727821000.0,0.1832,0.2861,ACGL
2018-09-30 00:00:00,5519656000.0,3546003000.0,1973653100.0,66145000.0,1114231000.0,-105190000.0,121206000.0,1009041000.0,135752000.0,873289000.0,,791060000.0,1.9434,0.3576,0.2019,0.1828,0.1433,0.2047,1225589900.0,1114230700.0,2.1082,2.1539,2.1539,873289000.0,873289000.0,0.222,0.2093,ACGL
2018-06-30 00:00:00,5595426000.0,3884976000.0,1710450000.0,68908000.0,833727000.0,-143836000.0,120986000.0,689891000.0,110585000.0,579306000.0,,521294000.0,1.2734,0.3057,0.149,0.1233,0.0932,0.1847,950594900.0,833726700.0,1.3923,1.4248,1.4248,579306000.0,579306000.0,0.1699,0.1891,ACGL
2018-03-31 00:00:00,5592154000.0,3836281000.0,1755873100.0,71272000.0,878634100.0,-235490000.0,119391000.0,643144000.0,121086000.0,522058000.0,,461869000.0,1.1234,0.314,0.1571,0.115,0.0826,0.2306,999854100.0,878633800.0,1.2484,1.285,1.285,522058000.0,522058000.0,0.1788,0.2345,ACGL
2017-12-31 00:00:00,5627375000.0,3742904000.0,1884471100.0,83752000.0,990490100.0,-233213000.0,117431000.0,757277000.0,127568000.0,629709000.0,,566502000.0,1.3867,0.3349,0.176,0.1346,0.1007,0.1905,1116268100.0,990489800.0,1.5072,1.5582,1.5582,629709000.0,629709000.0,0.1984,0.1946,ACGL
2017-09-30 00:00:00,5194494300.0,3574868300.0,1619626000.0,106444000.0,736221000.0,-154273000.0,105474000.0,581948000.0,58457000.0,523491000.0,,425363000.0,1.0667,0.3118,0.1417,0.112,0.0819,0.2657,835013000.0,736220800.0,1.2759,1.3255,1.3255,523491000.0,523491000.0,0.1607,0.2697,ACGL
2017-06-30 00:00:00,4912441300.0,3020323300.0,1892118000.0,107831000.0,1051126000.0,-115299000.0,91907000.0,935827000.0,63499000.0,872328000.0,,725511000.0,1.88,0.3852,0.214,0.1905,0.1477,0.2751,1122959000.0,1051125800.0,2.1977,2.274,2.274,872328000.0,872328000.0,0.2286,0.2788,ACGL
2017-03-31 00:00:00,4696056300.0,2897296300.0,1798760000.0,100155000.0,1004054900.0,-38008000.0,78821000.0,966047000.0,43461000.0,922586000.0,,757263000.0,2.0167,0.383,0.2138,0.2057,0.1613,0.2602,1049943900.0,1004054700.0,2.3894,2.4697,2.4697,922586000.0,922586000.0,0.2236,0.2637,ACGL
2016-12-31 00:00:00,4463556300.0,2853224300.0,1610332000.0,81746000.0,885152900.0,-29601000.0,66252000.0,855552000.0,31374000.0,824178000.0,,664668000.0,1.83,0.3608,0.1983,0.1917,0.1489,0.3052,904495900.0,885152700.0,2.2027,2.2743,2.2743,824178000.0,824178000.0,0.2026,0.3086,ACGL
2016-09-30 00:00:00,4377333000.0,2792237100.0,1585095900.0,,872276500.0,-60545000.0,63540000.0,811732000.0,55122000.0,756610000.0,,655366000.0,1.81,0.3621,0.1993,0.1854,0.1497,0.2767,886769500.0,872276700.0,2.0362,2.1033,2.1033,756610000.0,756610000.0,0.2026,0.2804,ACGL
2016-06-30 00:00:00,4112422000.0,2810094100.0,1302327900.0,,609185500.0,-40601000.0,60897000.0,568585000.0,51595000.0,516990000.0,,482527000.0,1.3334,0.3167,0.1481,0.1383,0.1173,0.2748,618813500.0,609185700.0,1.3968,1.4434,1.4434,516990000.0,516990000.0,0.1505,0.2806,ACGL
2016-03-31 00:00:00,3940922000.0,2747676100.0,1193245900.0,,510889500.0,-73194000.0,49245000.0,437696000.0,44244000.0,393452000.0,,387262000.0,1.07,0.3028,0.1296,0.1111,0.0983,0.3075,515637500.0,510889700.0,1.0617,1.0988,1.0988,393452000.0,393452000.0,0.1308,0.3134,ACGL
2015-12-31 00:00:00,3936590000.0,2713681100.0,1222908900.0,,546949500.0,20244000.0,45874000.0,567194000.0,40612000.0,526582000.0,,515800000.0,1.4034,0.3107,0.1389,0.1441,0.131,0.2473,546949500.0,546949700.0,1.3927,1.4413,1.4413,526582000.0,526582000.0,0.1389,0.2535,ACGL
2015-09-30 00:00:00,4049037000.0,2725984100.0,1323052900.0,,685009100.0,55377000.0,42791000.0,740386000.0,34676000.0,705710000.0,,672385000.0,1.8067,0.3268,0.1692,0.1829,0.1661,0.2522,685009100.0,685009100.0,1.8336,1.8938,1.8938,705710000.0,705710000.0,0.1692,0.2581,ACGL
2015-06-30 00:00:00,4108978000.0,2687897100.0,1421080900.0,,790516200.0,105876000.0,33643000.0,896392000.0,31418000.0,864974000.0,,821027000.0,2.1633,0.3458,0.1924,0.2182,0.1998,0.2359,790516200.0,790516200.0,2.2106,2.2809,2.2809,864974000.0,864974000.0,0.1924,0.2359,ACGL
2015-03-31 00:00:00,4124986000.0,2636722100.0,1488263900.0,,869957200.0,112842000.0,43966000.0,982799000.0,31927000.0,950872000.0,,913253000.0,2.37,0.3608,0.2109,0.2383,0.2214,0.2198,869957200.0,869957200.0,2.3929,2.4683,2.4683,950872000.0,950872000.0,0.2109,0.2241,ACGL
2014-12-31 00:00:00,3988873000.0,2576512100.0,1412360900.0,,806137200.0,38110000.0,45634000.0,844247000.0,22987000.0,821260000.0,,812417000.0,2.07,0.3541,0.2021,0.2117,0.2037,0.255,806137200.0,806137200.0,2.029,2.0926,2.0926,821260000.0,821260000.0,0.2021,0.26,ACGL
2014-09-30 00:00:00,3897500000.0,2497321900.0,1400178100.0,,813480300.0,-4937000.0,42263000.0,808543000.0,32927000.0,775616000.0,,758743000.0,1.9167,0.3593,0.2087,0.2075,0.1947,0.2572,813480300.0,813480300.0,1.896,1.9569,1.9569,775616000.0,775616000.0,0.2087,0.2626,ACGL
2014-06-30 00:00:00,3766117000.0,2406459900.0,1359657100.0,,804369200.0,-103315000.0,44048000.0,701054000.0,33877000.0,667177000.0,,644893000.0,1.6301,0.361,0.2136,0.1861,0.1712,0.2376,804369200.0,804369200.0,1.6297,1.684,1.684,667177000.0,667177000.0,0.2136,0.2431,ACGL
2014-03-31 00:00:00,3582247000.0,2313113900.0,1269133100.0,,742787100.0,-78728000.0,35566000.0,664059000.0,31659000.0,632400000.0,,613817000.0,1.5534,0.3543,0.2074,0.1854,0.1713,0.2301,742787100.0,742787100.0,1.5484,1.6009,1.6009,632400000.0,632400000.0,0.2074,0.2354,ACGL
2013-12-31 00:00:00,3526157000.0,2243526900.0,1282630100.0,,781900100.0,-39395000.0,27060000.0,742505000.0,32774000.0,709731000.0,,687793000.0,1.7467,0.3637,0.2217,0.2106,0.1951,0.2363,781900100.0,781900100.0,1.7425,1.8011,1.8011,709731000.0,709731000.0,0.2217,0.2413,ACGL
2013-09-30 00:00:00,3523185000.0,2407757000.0,1115428000.0,,622016000.0,-49358000.0,23874000.0,572658000.0,5200000.0,567458000.0,,545520000.0,1.3833,0.3166,0.1765,0.1625,0.1548,0.2274,622016000.0,622016100.0,1.3933,1.4418,1.4418,567458000.0,567458000.0,0.1765,0.2318,ACGL
2013-06-30 00:00:00,3566836000.0,2405335000.0,1161501000.0,,672730000.0,-27196000.0,25315000.0,645534000.0,3245000.0,642289000.0,,620351000.0,1.5599,0.3256,0.1886,0.181,0.1739,0.2516,672730000.0,672730100.0,1.5677,1.6188,1.6188,642289000.0,642289000.0,0.1886,0.2559,ACGL
2013-03-31 00:00:00,3557514000.0,2382987000.0,1174527000.0,,695463100.0,-10905000.0,26902000.0,684558000.0,-1059000.0,685617000.0,,650903000.0,1.6533,0.3302,0.1955,0.1924,0.183,0.2717,695463100.0,695463200.0,1.6647,1.7157,1.7157,685617000.0,685617000.0,0.1955,0.2762,ACGL
2012-12-31 00:00:00,3482381000.0,2370161000.0,1112220000.0,,646867100.0,-57480000.0,28525000.0,589387000.0,-4010000.0,593397000.0,,557706000.0,1.4066,0.3194,0.1858,0.1692,0.1602,0.2593,646867100.0,646867200.0,1.4306,1.4713,1.4713,593397000.0,593397000.0,0.1858,0.2646,ACGL
