Date,Revenue,Cost of Revenue,Gross Profit,R&D Expenses,SG&A Expenses,Operating Income,Interest Expense (Operating),Non-operating Income/Expense,Non-operating Interest Expenses,EBT,Income Tax Provision,Income after Tax,Net Income Common,EPS (Basic),Gross Margin,EBIT Margin,EBT margin,Net Profit Margin,Free Cash Flow Margin,EBITDA,EBIT,"EPS (Diluted, from Cont. Ops)","EPS (Basic, Consolidated)","EPS (Basic, from Continuous Ops)",Income from Continuous Operations,Consolidated Net Income/Loss,EBITDA Margin,Operating Cash Flow Margin,Ticker
2022-08-31 00:00:00,17078000000.0,2271000000.0,14807000000.0,2871000000.0,5955000000.0,6094000000.0,112000000.0,90000000.0,112000000.0,5959000000.0,1146000000.0,4813000000.0,4813000000.0,10.15,0.867,0.3568,0.3489,0.2818,0.4174,6910000000.0,6094000000.0,10.1523,10.1953,10.1953,4813000000.0,4813000000.0,0.4046,0.4438,ADBE
2022-05-31 00:00:00,16639000000.0,2192000000.0,14447000000.0,2747000000.0,5703000000.0,6051000000.0,111000000.0,35000000.0,111000000.0,5921000000.0,1032000000.0,4889000000.0,4889000000.0,10.25,0.8683,0.3637,0.3559,0.2938,0.4122,6882000000.0,6051000000.0,10.2499,10.314,10.314,4889000000.0,4889000000.0,0.4136,0.4375,ADBE
2022-02-28 00:00:00,16121000000.0,2055000000.0,14066000000.0,2621000000.0,5494000000.0,5928000000.0,111000000.0,-9000000.0,111000000.0,5815000000.0,988000000.0,4827000000.0,4827000000.0,10.1,0.8725,0.3677,0.3607,0.2994,0.4242,6754000000.0,5928000000.0,10.0796,10.1529,10.1529,4827000000.0,4827000000.0,0.419,0.4483,ADBE
2021-11-30 00:00:00,15780000000.0,1948000000.0,13832000000.0,2540000000.0,5406000000.0,5802000000.0,113000000.0,-37000000.0,113000000.0,5705000000.0,883000000.0,4822000000.0,4822000000.0,10.06,0.8766,0.3677,0.3615,0.3056,0.4361,6605000000.0,5802000000.0,10.0251,10.109,10.109,4822000000.0,4822000000.0,0.4186,0.4582,ADBE
2021-08-31 00:00:00,15104000000.0,1829000000.0,13275000000.0,2441000000.0,5185000000.0,5516000000.0,113000000.0,-60000000.0,112000000.0,5434000000.0,-405000000.0,5839000000.0,5839000000.0,12.18,0.8789,0.3652,0.3598,0.3866,0.4366,6294000000.0,5516000000.0,12.1021,12.1859,12.1859,5839000000.0,5839000000.0,0.4167,0.4599,ADBE
2021-05-31 00:00:00,14389000000.0,1746000000.0,12643000000.0,2356000000.0,4974000000.0,5144000000.0,113000000.0,-68000000.0,113000000.0,5076000000.0,-506000000.0,5582000000.0,5582000000.0,11.65,0.8787,0.3575,0.3528,0.3879,0.4583,5915000000.0,5144000000.0,11.5514,11.6346,11.6346,5582000000.0,5582000000.0,0.4111,0.485,ADBE
2021-02-28 00:00:00,13682000000.0,1717000000.0,11965000000.0,2276000000.0,4770000000.0,4754000000.0,112000000.0,-64000000.0,113000000.0,4690000000.0,-876000000.0,5566000000.0,5566000000.0,11.59,0.8745,0.3475,0.3428,0.4068,0.4232,5519000000.0,4754000000.0,11.4992,11.5868,11.5868,5566000000.0,5566000000.0,0.4034,0.4512,ADBE
2020-11-30 00:00:00,12868000000.0,1722000000.0,11146000000.0,2188000000.0,4559000000.0,4237000000.0,115000000.0,-61000000.0,116000000.0,4176000000.0,-1084000000.0,5260000000.0,5260000000.0,10.94,0.8662,0.3293,0.3245,0.4088,0.4125,4994000000.0,4237000000.0,10.8454,10.9355,10.9355,5260000000.0,5260000000.0,0.3881,0.4451,ADBE
2020-08-31 00:00:00,12436000000.0,1747000000.0,10689000000.0,2129000000.0,4404000000.0,3991000000.0,,-55000000.0,125000000.0,3936000000.0,75000000.0,3861000000.0,3861000000.0,8.01,0.8595,0.3209,0.3165,0.3105,0.3949,4749000000.0,3991000000.0,7.926,8.0199,8.0199,3861000000.0,3861000000.0,0.3819,0.428,ADBE
2020-05-31 00:00:00,12045000000.0,1736000000.0,10309000000.0,2053000000.0,4313000000.0,3776000000.0,,-65000000.0,137000000.0,3711000000.0,12000000.0,3699000000.0,3699000000.0,7.65,0.8559,0.3135,0.3081,0.3071,0.3681,4536000000.0,3776000000.0,7.572,7.662,7.662,3699000000.0,3699000000.0,0.3766,0.3992,ADBE
2020-02-29 00:00:00,11661000000.0,1728000000.0,9933000000.0,1997000000.0,4256000000.0,3510000000.0,,-88000000.0,149000000.0,3422000000.0,190000000.0,3232000000.0,3232000000.0,6.67,0.8518,0.301,0.2935,0.2772,0.3696,4269000000.0,3510000000.0,6.5906,6.6722,6.6722,3232000000.0,3232000000.0,0.3661,0.406,ADBE
2019-11-30 00:00:00,11171000000.0,1673000000.0,9498000000.0,1930000000.0,4125000000.0,3268000000.0,,-63000000.0,157000000.0,3205000000.0,254000000.0,2951000000.0,2951000000.0,6.07,0.8502,0.2925,0.2869,0.2642,0.3605,4025000000.0,3268000000.0,5.998,6.072,6.072,2951000000.0,2951000000.0,0.3603,0.3958,ADBE
2019-08-31 00:00:00,10643616000.0,1579262000.0,9064354000.0,1847146000.0,4032201000.0,3019176100.0,,-71836000.0,148631000.0,2947341000.0,168875000.0,2778466000.0,2778466000.0,5.7,0.8516,0.2837,0.2769,0.261,0.3561,3691404200.0,3019176900.0,5.6295,5.6941,5.6941,2778466000.0,2778466000.0,0.3468,0.3902,ADBE
2019-05-31 00:00:00,10100692000.0,1458754000.0,8641938000.0,1756103000.0,3855348000.0,2883782100.0,,-70084000.0,129738000.0,2813699000.0,161942000.0,2651757000.0,2651757000.0,5.43,0.8556,0.2855,0.2786,0.2625,0.381,3449900200.0,2883782900.0,5.3554,5.4221,5.4221,2651757000.0,2651757000.0,0.3416,0.4144,ADBE
2019-02-28 00:00:00,9552052000.0,1333098000.0,8218954000.0,1654231000.0,3611603000.0,2832266200.0,,-38769000.0,110101000.0,2793498000.0,111574000.0,2681924000.0,2681924000.0,5.48,0.8604,0.2965,0.2925,0.2808,0.3994,3287744300.0,2832267000.0,5.3998,5.4731,5.4731,2681924000.0,2681924000.0,0.3442,0.4242,ADBE
2018-11-30 00:00:00,9029999000.0,1195000000.0,7834999000.0,1538000000.0,3366000000.0,2839999200.0,,-46000000.0,89000000.0,2794000000.0,203000000.0,2591000000.0,2591000000.0,5.28,0.8677,0.3145,0.3094,0.2869,0.4166,3185999300.0,2840000000.0,5.2029,5.277,5.277,2591000000.0,2591000000.0,0.3528,0.4462,ADBE
2018-08-31 00:00:00,8571978000.0,1106610000.0,7465368000.0,1445880000.0,3173470100.0,2769162500.0,,-31492000.0,80485000.0,2737671100.0,323588000.0,2414083000.0,2414083000.0,4.91,0.8709,0.323,0.3194,0.2816,0.4098,3090168500.0,2769162900.0,4.8376,4.9112,4.9112,2414083000.0,2414083000.0,0.3605,0.438,ADBE
2018-05-31 00:00:00,8121976000.0,1074040000.0,7047936000.0,1362478000.0,3016818100.0,2596230500.0,,-18539000.0,78187000.0,2577692100.0,410331000.0,2167361000.0,2167361000.0,4.4,0.8678,0.3197,0.3174,0.2669,0.4028,2912665400.0,2596230900.0,4.3351,4.4018,4.4018,2167361000.0,2167361000.0,0.3586,0.4314,ADBE
2018-02-28 00:00:00,7698806000.0,1032056000.0,6666750000.0,1287751000.0,2902590100.0,2401828300.0,,-22318000.0,76171000.0,2379511100.0,500927000.0,1878584000.0,1878584000.0,3.81,0.8659,0.312,0.3091,0.244,0.3805,2723538200.0,2401828700.0,3.7524,3.811,3.811,1878584000.0,1878584000.0,0.3538,0.412,ADBE
2017-11-30 00:00:00,7301505000.0,1010491000.0,6291014000.0,1224059000.0,2822298100.0,2168094300.0,,-30454000.0,74402000.0,2137641100.0,443687000.0,1693954000.0,1693954000.0,3.44,0.8616,0.2969,0.2928,0.232,0.3745,2494091200.0,2168094700.0,3.3804,3.4316,3.4316,1693954000.0,1693954000.0,0.3416,0.3989,ADBE
2017-08-31 00:00:00,6903329000.0,956175100.0,5947154000.0,1157882000.0,2721860900.0,1991034700.0,,-39706000.0,72804000.0,1951329000.0,359311000.0,1592018000.0,1592018000.0,3.23,0.8615,0.2884,0.2827,0.2306,0.3746,2317657600.0,1991034800.0,3.1758,3.2177,3.2177,1592018000.0,1592018000.0,0.3357,0.402,ADBE
2017-05-31 00:00:00,6526222000.0,895954100.0,5630268000.0,1090777000.0,2645204900.0,1814685800.0,,-48435000.0,71276000.0,1766251000.0,323014000.0,1443237000.0,1443237000.0,2.92,0.8627,0.2781,0.2706,0.2211,0.3675,2143003800.0,1814685900.0,2.8749,2.9105,2.9105,1443237000.0,1443237000.0,0.3284,0.3967,ADBE
2017-02-28 00:00:00,6152741000.0,858673100.0,5294068000.0,1023860000.0,2536096900.0,1654842900.0,,-51380000.0,70103000.0,1603463000.0,290542000.0,1312921000.0,1312921000.0,2.65,0.8604,0.269,0.2606,0.2134,0.3647,1985986900.0,1654843000.0,2.6102,2.6414,2.6414,1312921000.0,1312921000.0,0.3228,0.3954,ADBE
2016-11-30 00:00:00,5854430000.0,819908100.0,5034522000.0,975987000.0,2486398900.0,1493602000.0,,-58464000.0,70442000.0,1435138000.0,266356000.0,1168782000.0,1168782000.0,2.35,0.86,0.2551,0.2451,0.1996,0.3409,1825137000.0,1493602100.0,2.3176,2.3453,2.3453,1168782000.0,1168782000.0,0.3118,0.3757,ADBE
2016-08-31 00:00:00,5552415000.0,804713100.0,4747702000.0,938651900.0,2420248000.0,1311756400.0,,-36378000.0,69439000.0,1275378000.0,283504000.0,991874000.0,991874000.0,1.99,0.8551,0.2362,0.2297,0.1786,0.3236,1647790400.0,1311756500.0,1.9615,1.9875,1.9875,991874000.0,991874000.0,0.2968,0.3528,ADBE
2016-05-31 00:00:00,5306216000.0,792997100.0,4513219000.0,908861900.0,2344018000.0,1188450200.0,,-36754000.0,68677000.0,1151696000.0,256145000.0,895551000.0,895551000.0,1.8,0.8506,0.224,0.217,0.1688,0.3101,1528020200.0,1188450300.0,1.7688,1.7943,1.7943,895551000.0,895551000.0,0.288,0.3395,ADBE
2016-02-29 00:00:00,5069665000.0,776091100.0,4293574000.0,884424900.0,2300305000.0,1037828200.0,,-34988000.0,68108000.0,1002840000.0,203870000.0,798970000.0,798970000.0,1.61,0.8469,0.2047,0.1978,0.1576,0.3247,1378866200.0,1037828300.0,1.5769,1.6015,1.6015,798970000.0,798970000.0,0.272,0.3519,ADBE
2015-11-30 00:00:00,4795511000.0,744317100.0,4051194100.0,862729900.0,2216720000.0,903095100.0,,-29314000.0,64184000.0,873781000.0,244230000.0,629551000.0,629551000.0,1.27,0.8448,0.1883,0.1822,0.1313,0.2799,1242568100.0,903095200.0,1.2413,1.2622,1.2622,629551000.0,629551000.0,0.2591,0.3064,ADBE
2015-08-31 00:00:00,4562435000.0,703899000.0,3858536100.0,855903000.0,2182033000.0,737165700.0,,-48050000.0,60347000.0,689116000.0,194134000.0,494982000.0,494982000.0,0.97,0.8457,0.1616,0.151,0.1085,0.2757,1068426700.0,737165700.0,0.9765,0.9925,0.9925,494982000.0,494982000.0,0.2342,0.3101,ADBE
2015-05-31 00:00:00,4350076000.0,670638000.0,3679438100.0,849292000.0,2185575000.0,565322800.0,,-45888000.0,57189000.0,519435000.0,154232000.0,365203000.0,365203000.0,0.71,0.8458,0.13,0.1194,0.084,0.2666,889187800.0,565322800.0,0.7196,0.7322,0.7322,365203000.0,365203000.0,0.2044,0.3041,ADBE
2015-02-28 00:00:00,4256126000.0,640369000.0,3615757100.0,850337000.0,2184337000.0,506963900.0,,-47232000.0,57687000.0,459732000.0,153495000.0,306237000.0,306237000.0,0.59,0.8495,0.1191,0.108,0.072,0.2501,822552900.0,506963900.0,0.6026,0.6146,0.6146,306237000.0,306237000.0,0.1933,0.2864,ADBE
2014-11-30 00:00:00,4147065000.0,622080000.0,3524985000.0,844353000.0,2195640000.0,412684900.0,,-51309000.0,59732000.0,361376000.0,92981000.0,268395000.0,268395000.0,0.51,0.85,0.0995,0.0871,0.0647,0.2747,726274900.0,412684900.0,0.5278,0.5391,0.5391,268395000.0,268395000.0,0.1751,0.3105,ADBE
2014-08-31 00:00:00,4115436000.0,608653000.0,3506783000.0,835862000.0,2223141800.0,391016100.0,,-53645000.0,63776000.0,337371000.0,91792000.0,245579000.0,245579000.0,0.49,0.8521,0.095,0.082,0.0597,0.2625,707809100.0,391016000.0,0.4809,0.4932,0.4932,245579000.0,245579000.0,0.172,0.2922,ADBE
2014-05-31 00:00:00,4105146000.0,598005000.0,3507141000.0,832513000.0,2191706800.0,427194100.0,,-59501000.0,67162000.0,367693000.0,83798000.0,283895000.0,283895000.0,0.56,0.8543,0.1041,0.0896,0.0692,0.2522,746008100.0,427194000.0,0.5544,0.5682,0.5682,283895000.0,283895000.0,0.1817,0.2801,ADBE
2014-02-28 00:00:00,4047487000.0,578382000.0,3469105000.0,826518000.0,2158816800.0,403245000.0,,-65696000.0,67264000.0,337549000.0,65635000.0,271914000.0,271914000.0,0.53,0.8571,0.0996,0.0834,0.0672,0.2342,725356000.0,403244900.0,0.5291,0.5425,0.5425,271914000.0,271914000.0,0.1792,0.2672,ADBE
2013-11-30 00:00:00,4055240000.0,586557000.0,3468683000.0,826631000.0,2140577800.0,422723000.0,,-66582000.0,67508000.0,356141000.0,66156000.0,289985000.0,289985000.0,0.57,0.8554,0.1042,0.0878,0.0715,0.2435,743950000.0,422722900.0,0.5648,0.5784,0.5784,289985000.0,289985000.0,0.1835,0.284,ADBE
2013-08-31 00:00:00,4166969000.0,564019000.0,3602950000.0,816482000.0,2084310100.0,627651800.0,,-69150000.0,67553000.0,558501900.0,111504000.0,446997900.0,446998000.0,0.89,0.8646,0.1506,0.134,0.1073,0.2581,946149800.0,627651800.0,0.8761,0.8967,0.8967,446997900.0,446997900.0,0.2271,0.3145,ADBE
2013-05-31 00:00:00,4252430000.0,536564000.0,3715866000.0,796927000.0,2046399100.0,795601800.0,,-67148000.0,68059000.0,728453900.0,163101000.0,565352900.0,565353000.0,1.14,0.8738,0.1871,0.1713,0.1329,0.2569,1106034700.0,795601800.0,1.1175,1.1397,1.1397,565352900.0,565352900.0,0.2601,0.3194,ADBE
2013-02-28 00:00:00,4366330000.0,532201000.0,3834129000.0,774733000.0,2020383100.0,989435700.0,,-57535000.0,67483000.0,931900900.0,219218000.0,712682900.0,712683000.0,1.44,0.8781,0.2266,0.2134,0.1632,0.281,1296092700.0,989435700.0,1.4146,1.439,1.439,712682900.0,712682900.0,0.2968,0.3452,ADBE
2012-11-30 00:00:00,4403677000.0,483782000.0,3919895000.0,742823000.0,1951141100.0,1180190600.0,,-61397000.0,67487000.0,1118793900.0,286019000.0,832774900.0,832775000.0,1.68,0.8901,0.268,0.2541,0.1891,0.279,1479956600.0,1180190600.0,1.6565,1.6833,1.6833,832774900.0,832774900.0,0.3361,0.3405,ADBE
