Date,Revenue,Cost of Revenue,Gross Profit,R&D Expenses,SG&A Expenses,Operating Income,Interest Expense (Operating),Non-operating Income/Expense,Non-operating Interest Expenses,EBT,Income Tax Provision,Income after Tax,Net Income Common,EPS (Basic),Gross Margin,EBIT Margin,EBT margin,Net Profit Margin,Free Cash Flow Margin,EBITDA,EBIT,"EPS (Diluted, from Cont. Ops)","EPS (Diluted, from Disc. Ops)","EPS (Basic, Consolidated)","EPS (Basic, from Discontinued Ops)","EPS (Basic, from Continuous Ops)",Income from Continuous Operations,Income from Discontinued Operations,Consolidated Net Income/Loss,EBITDA Margin,Operating Cash Flow Margin,Ticker
2022-09-30 00:00:00,16882000000.0,8918000000.0,7965000000.0,820000000.0,3314299900.0,3934401100.0,115000000.0,80000000.0,62000000.0,3913000000.0,886000000.0,3027400200.0,3027000000.0,7.23,0.4718,0.2331,0.2318,0.1793,0.1865,4455000000.0,3934401100.0,7.2186,,7.2579,,7.2579,3027400200.0,,3027000000.0,0.2639,0.2189,ADP
2022-06-30 00:00:00,16498000000.0,8768000000.0,7731000000.0,799000000.0,3206999900.0,3803201100.0,82000000.0,88000000.0,42000000.0,3804000000.0,855000000.0,2948900200.0,2949000000.0,7.01,0.4686,0.2305,0.2306,0.1787,0.1564,4318000000.0,3803201100.0,7.0029,,7.0413,,7.0413,2948900200.0,,2949000000.0,0.2617,0.1879,ADP
2022-03-31 00:00:00,16107000000.0,8774500000.0,7333500000.0,781000000.0,3133500000.0,3666500900.0,71000000.0,70400000.0,42200000.0,3698200000.0,836000000.0,2861600100.0,2862200100.0,6.78,0.4553,0.2276,0.2296,0.1777,0.1462,4432401000.0,3666500400.0,6.7729,,6.8089,,6.8089,2861600100.0,,2862200100.0,0.2752,0.1763,ADP
2021-12-31 00:00:00,15696000000.0,8710600000.0,6985400000.0,763000000.0,3079000000.0,3544100900.0,68000000.0,48700000.0,49700000.0,3574400000.0,830500000.0,2743800100.0,2743900100.0,6.47,0.445,0.2258,0.2277,0.1748,0.1676,4563801000.0,3544100400.0,6.4587,,6.492,,6.492,2743800100.0,,2743900100.0,0.2908,0.1988,ADP
2021-09-30 00:00:00,15366700000.0,8666000000.0,6700700000.0,738000000.0,3052500000.0,3459701000.0,64000000.0,45800000.0,54600000.0,3497000000.0,799600000.0,2696900100.0,2697400100.0,6.33,0.4361,0.2251,0.2276,0.1755,0.1473,4728901000.0,3459700500.0,6.3225,,6.3529,,6.3529,2696900100.0,,2697400100.0,0.3077,0.1779,ADP
2021-06-30 00:00:00,15005400000.0,8640300000.0,6365100000.0,718000000.0,3040500000.0,3324601100.0,60000000.0,36600000.0,59700000.0,3361200000.0,762700000.0,2598500100.0,2598500100.0,6.08,0.4242,0.2216,0.224,0.1732,0.1737,4840101000.0,3324600600.0,6.0698,,6.0954,,6.0954,2598500100.0,,2598500100.0,0.3226,0.2061,ADP
2021-03-31 00:00:00,14645200000.0,8501900000.0,6143300000.0,688000000.0,2965399900.0,3177900900.0,59000000.0,17400000.0,58100000.0,3195300200.0,723400000.0,2471900200.0,2471900000.0,5.77,0.4195,0.217,0.2182,0.1688,0.1795,4673400700.0,3177900400.0,5.7627,,5.784,,5.784,2471900200.0,,2471900200.0,0.3191,0.2197,ADP
2020-12-31 00:00:00,14591000000.0,8462900000.0,6128100000.0,681000000.0,2958999900.0,3169100900.0,65000000.0,36700000.0,64600000.0,3205800200.0,723700000.0,2482100200.0,2482100000.0,5.78,0.42,0.2172,0.2197,0.1701,0.1723,4648500700.0,3169100400.0,5.7683,,5.7892,,5.7892,2482100200.0,,2482100200.0,0.3186,0.2113,ADP
2020-09-30 00:00:00,14564800000.0,8434600000.0,6130200000.0,675000000.0,2957499900.0,3172700800.0,83000000.0,36000000.0,82300000.0,3208700200.0,722500000.0,2486200200.0,2486200000.0,5.78,0.4209,0.2178,0.2203,0.1707,0.171,4636900700.0,3172700300.0,5.7628,,5.7843,,5.7843,2486200200.0,,2486200200.0,0.3184,0.2111,ADP
2020-06-30 00:00:00,14589800000.0,8445100000.0,6144700000.0,,3002999900.0,3141700800.0,,40900000.0,107100000.0,3182600200.0,716100000.0,2466500200.0,2466500000.0,5.73,0.4212,0.2153,0.2181,0.1691,0.1672,4586900700.0,3141700300.0,5.7002,,5.7255,,5.7255,2466500200.0,,2466500200.0,0.3144,0.2074,ADP
2020-03-31 00:00:00,14692300000.0,8379200000.0,6313100000.0,,3092099800.0,3221000100.0,,63600000.0,125200000.0,3284600100.0,754200000.0,2530400100.0,2530400100.0,5.87,0.4297,0.2192,0.2236,0.1722,0.1694,4644000000.0,3221000400.0,5.8324,,5.8616,,5.8616,2530400100.0,,2530400100.0,0.3161,0.203,ADP
2019-12-31 00:00:00,14472700000.0,8232700000.0,6240000000.0,,3085899800.0,3154100100.0,,38300000.0,126900000.0,3192400100.0,729200000.0,2463200100.0,2463200100.0,5.7,0.4312,0.2179,0.2206,0.1702,0.1586,4545900000.0,3154100400.0,5.6576,,5.6887,,5.6887,2463200100.0,,2463200100.0,0.3141,0.1995,ADP
2019-09-30 00:00:00,14295600000.0,8138800000.0,6156800000.0,,3076799800.0,3080000200.0,,17900000.0,133900000.0,3097900100.0,728100000.0,2369800100.0,2369800100.0,5.47,0.4307,0.2155,0.2167,0.1658,0.1685,4439700000.0,3080000500.0,5.4282,,5.4598,,5.4598,2369800100.0,,2369800100.0,0.3106,0.2079,ADP
2019-06-30 00:00:00,14110200000.0,8021600000.0,6088600000.0,,3064199800.0,3024400100.0,,-18800000.0,129900000.0,3005600100.0,712800000.0,2292800100.0,2292800100.0,5.28,0.4315,0.2143,0.213,0.1625,0.1509,4357500100.0,3024400400.0,5.2395,,5.2709,,5.2709,2292800100.0,,2292800100.0,0.3088,0.1905,ADP
2019-03-31 00:00:00,13893600000.0,7909100000.0,5984500000.0,,3019799800.0,2964700400.0,,-337400000.0,124800000.0,2627300100.0,669100000.0,1958200100.0,1958200000.0,4.43,0.4307,0.2134,0.1891,0.1409,0.1514,4287500600.0,2964700200.0,4.4727,,4.5015,,4.5015,1958200100.0,,1958200100.0,0.3086,0.1915,ADP
2018-12-31 00:00:00,13761400000.0,7895800000.0,5865600000.0,,3019499800.0,2846100500.0,,-328100000.0,121700000.0,2518000100.0,652500000.0,1865500100.0,1865500000.0,4.15,0.4262,0.2068,0.183,0.1356,0.1701,4158900600.0,2846100300.0,4.2372,,4.2642,,4.2642,1865500100.0,,1865500100.0,0.3022,0.2014,ADP
2018-09-30 00:00:00,13507300000.0,7833500000.0,5673800000.0,,2997899800.0,2675900500.0,,-311400000.0,110600000.0,2364500100.0,386800000.0,1977700100.0,1977700000.0,3.93,0.4201,0.1981,0.1751,0.1464,0.1462,4000700600.0,2675900300.0,4.4737,,4.5021,,4.5021,1977700100.0,,1977700100.0,0.2962,0.1791,ADP
2018-06-30 00:00:00,13274200000.0,7757400000.0,5516800000.0,,2959399800.0,2557400500.0,,-274800000.0,102700000.0,2282600100.0,397700000.0,1884900100.0,1884900000.0,3.68,0.4156,0.1927,0.172,0.142,0.154,3843900600.0,2557400300.0,4.252,,4.2781,,4.2781,1884900100.0,,1884900100.0,0.2896,0.1895,ADP
2018-03-31 00:00:00,13068500000.0,7690800000.0,5377700000.0,,2969400000.0,2408300000.0,,93400000.0,96900000.0,2501699900.0,437400000.0,2064299900.0,2064300000.0,4.03,0.4115,0.1843,0.1914,0.158,0.136,4255900100.0,2408299500.0,4.646,,4.671,,4.671,2064299900.0,,2064299900.0,0.3257,0.1735,ADP
2017-12-31 00:00:00,12783300000.0,7522500000.0,5260800000.0,,2884300000.0,2376499900.0,,77900000.0,95100000.0,2454399900.0,463200000.0,1991199900.0,1991200000.0,3.89,0.4115,0.1859,0.192,0.1558,0.1146,3997100200.0,2376499400.0,4.464,,4.4888,,4.4888,1991199900.0,,1991199900.0,0.3127,0.1533,ADP
2017-09-30 00:00:00,12532300000.0,7352400000.0,5179900000.0,,2801500000.0,2378399900.0,,274700000.0,88100000.0,2653099900.0,821400000.0,1831699900.0,1831700000.0,3.97,0.4133,0.1898,0.2117,0.1462,0.1223,3759400200.0,2378399400.0,4.0877,,4.1104,,4.1104,1831699900.0,,1831699900.0,0.3,0.1628,ADP
2017-06-30 00:00:00,12372000000.0,7244500000.0,5127500000.0,,2773800000.0,2353699800.0,,263200000.0,80000000.0,2616899900.0,829100000.0,1787799900.0,1787800000.0,3.88,0.4144,0.1902,0.2115,0.1445,0.1338,3543599900.0,2353699300.0,3.9703,,3.9925,,3.9925,1787799900.0,,1787799900.0,0.2864,0.1718,ADP
2017-03-31 00:00:00,12213199000.0,7121000000.0,5092199000.0,,2723599900.0,2368598200.0,,201200000.0,75400000.0,2569799900.0,820300000.0,1749499900.0,1749500000.0,3.9,0.4169,0.1939,0.2104,0.1432,0.1553,2765298200.0,2368598900.0,3.8732,,3.8926,,3.8926,1749500000.0,,1749500000.0,0.2264,0.1909,ADP
2016-12-31 00:00:00,12050999000.0,7022700000.0,5028299000.0,,2692999900.0,2335298200.0,,201400000.0,74900000.0,2536699900.0,842600000.0,1694099900.0,1694100000.0,3.75,0.4173,0.1938,0.2105,0.1406,0.1507,2730098100.0,2335298900.0,3.7344,,3.7478,,3.7459,1694100000.0,,1694100000.0,0.2265,0.1845,ADP
2016-09-30 00:00:00,11870699000.0,6937400000.0,4933299000.0,,2679399900.0,2253898200.0,,4500000.0,71200000.0,2258399900.0,733800000.0,1524599900.0,1524600000.0,3.36,0.4156,0.1899,0.1902,0.1284,0.1468,2644498100.0,2253898900.0,3.3398,,3.3532,,3.3552,1524600000.0,,1524600000.0,0.2228,0.1784,ADP
2016-06-30 00:00:00,11667799000.0,6840300000.0,4827499000.0,,2636999900.0,2190498300.0,,44200000.0,56200000.0,2234699900.0,741300000.0,1493399900.0,1492500000.0,3.27,0.4137,0.1877,0.1915,0.1279,0.1309,2573198300.0,2190499000.0,3.25,0.1631,3.2659,0.1631,3.27,1493400000.0,,1492500000.0,0.2205,0.1626,ADP
2016-03-31 00:00:00,11464100000.0,6743400000.0,4720700000.0,,2592100000.0,2128599600.0,,60700000.0,39600000.0,2189299900.0,720800000.0,1468500000.0,1546700000.0,3.37,0.4118,0.1857,0.191,0.1349,0.12,2509999600.0,2128599600.0,3.18,,3.3657,,3.2,1468500000.0,,1546700000.0,0.2189,0.1521,ADP
2015-12-31 00:00:00,11239800000.0,6615000000.0,4624800000.0,,2564900000.0,2059899600.0,,74500000.0,24100000.0,2134399900.0,708100000.0,1426300000.0,1503800000.0,3.24,0.4115,0.1833,0.1899,0.1338,0.1354,2440099600.0,2059899600.0,3.04,,3.2348,,3.07,1426300000.0,,1503800000.0,0.2171,0.1675,ADP
2015-09-30 00:00:00,11086400000.0,6515800000.0,4570600000.0,,2526200000.0,2044399600.0,,80900000.0,9500000.0,2125299900.0,707900000.0,1417400000.0,1493900000.0,3.19,0.4123,0.1844,0.1917,0.1348,0.1216,2422499700.0,2044399600.0,2.99,0.161,3.1843,0.161,3.02,1417400000.0,76500000.0,1493900000.0,0.2185,0.1538,ADP
2015-06-30 00:00:00,10938500000.0,6427600000.0,4510900000.0,,2496900000.0,2013999900.0,,56700000.0,6500000.0,2070699900.0,694200000.0,1376500000.0,1452500000.0,3.08,0.4124,0.1841,0.1893,0.1328,0.1519,2392200000.0,2013999900.0,2.89,0.16,3.0735,0.16,2.91,1376500000.0,76000000.0,1452500000.0,0.2187,0.1805,ADP
2015-03-31 00:00:00,10789601000.0,6361800000.0,4427801000.0,,2440199900.0,1987601500.0,,54300000.0,6200000.0,2041899900.0,692200000.0,1349700000.0,1405000000.0,2.96,0.4104,0.1842,0.1892,0.1302,0.1645,2365401600.0,1987601000.0,2.81,0.1235,2.9574,0.1235,2.84,1349700000.0,55300000.0,1404999900.0,0.2192,0.1917,ADP
2014-12-31 00:00:00,10590401000.0,6263200000.0,4327201000.0,,2418299900.0,1908901600.0,,53900000.0,6300000.0,1962799900.0,670200000.0,1292600000.0,1437000000.0,3.01,0.4086,0.1802,0.1853,0.1357,0.1559,2280101700.0,1908901100.0,2.68,0.305,3.0056,0.305,2.7,1292600000.0,144400000.0,1436999900.0,0.2153,0.1846,ADP
2014-09-30 00:00:00,10430501000.0,6158500000.0,4272001000.0,,2408599900.0,1863401400.0,,62600000.0,6100000.0,1925999900.0,651700000.0,1274300000.0,1482500000.0,3.1,0.4096,0.1786,0.1847,0.1421,0.1749,2230601400.0,1863400900.0,2.64,0.4371,3.098,0.4371,2.66,1274300000.0,208200000.0,1482499900.0,0.2139,0.2031,ADP
2014-06-30 00:00:00,10226401000.0,6041000000.0,4185401000.0,,2370299900.0,1815101100.0,,64100000.0,6100000.0,1879199900.0,636600000.0,1242600000.0,1515900000.0,3.16,0.4093,0.1775,0.1838,0.1482,0.1485,2176101100.0,1815100600.0,2.57,0.57,3.1653,0.57,2.59,1242600000.0,273300000.0,1515899900.0,0.2128,0.1781,ADP
2014-03-31 00:00:00,8628200100.0,5125200100.0,3503000000.0,,2012499900.0,1447799600.0,,71000000.0,6600000.0,1518800000.0,520400000.0,998400000.0,1454100100.0,3.03,0.406,0.1678,0.176,0.1685,0.1781,1749799600.0,1447799300.0,2.07,0.93,3.0317,0.94,2.07,998400000.0,455700000.0,1454100000.0,0.2028,0.2077,ADP
2013-12-31 00:00:00,8912400100.0,5282700100.0,3629700000.0,,2080799900.0,1506199700.0,,75100000.0,6900000.0,1581300000.0,534500000.0,1046800000.0,1415200100.0,2.94,0.4073,0.169,0.1774,0.1588,0.16,1820399700.0,1506199400.0,2.16,0.75,2.9425,0.76,2.17,1046800000.0,368400000.0,1415200000.0,0.2043,0.187,ADP
2013-09-30 00:00:00,9166500100.0,5428400100.0,3738100000.0,,2126699900.0,1568699900.0,,79400000.0,7900000.0,1648100000.0,563500000.0,1084600000.0,1429100100.0,2.96,0.4078,0.1711,0.1798,0.1559,0.1633,1888999900.0,1568699600.0,2.23,0.7,2.9653,0.71,2.24,1084600000.0,344500000.0,1429100000.0,0.2061,0.188,ADP
2013-06-30 00:00:00,9442000100.0,5574100100.0,3867900000.0,,2200399900.0,1624800000.0,,85300000.0,9100000.0,1710100000.0,587900000.0,1122200000.0,1405800100.0,2.91,0.4096,0.1721,0.1811,0.1489,0.1432,1955300000.0,1624799700.0,2.3,0.58,2.9123,0.59,2.32,1122200000.0,283600000.0,1405800000.0,0.2071,0.167,ADP
2013-03-31 00:00:00,11097501000.0,6525600000.0,4571901000.0,,2560899800.0,2011000400.0,,94400000.0,9600000.0,2105400000.0,717500000.0,1387899900.0,1437300000.0,2.97,0.412,0.1812,0.1897,0.1295,0.1126,2404100400.0,2011000200.0,2.84,0.1109,2.9746,0.1108,2.87,1387900000.0,49400000.0,1437300000.0,0.2166,0.1352,ADP
2012-12-31 00:00:00,10899101000.0,6400600000.0,4498501000.0,,2527199800.0,1971300000.0,,92900000.0,9600000.0,2064200000.0,707700000.0,1356499900.0,1407000000.0,2.9,0.4127,0.1809,0.1894,0.1291,0.1827,2359800000.0,1971299800.0,2.76,0.1109,2.9007,0.1108,2.79,1356500000.0,50500000.0,1407000000.0,0.2165,0.2104,ADP
