Date,Revenue,Cost of Revenue,Gross Profit,SG&A Expenses,Operating Income,Interest Expense (Operating),Non-operating Income/Expense,Non-operating Interest Expenses,EBT,Income Tax Provision,Income after Tax,Net Income Common,EPS (Basic),Gross Margin,EBIT Margin,EBT margin,Net Profit Margin,Free Cash Flow Margin,EBITDA,EBIT,"EPS (Diluted, from Cont. Ops)","EPS (Diluted, from Disc. Ops)","EPS (Basic, Consolidated)","EPS (Basic, from Discontinued Ops)","EPS (Basic, from Continuous Ops)",Income from Continuous Operations,Income from Discontinued Operations,Consolidated Net Income/Loss,EBITDA Margin,Operating Cash Flow Margin,Ticker
2022-09-30 00:00:00,7456000000.0,5485000000.0,1971000000.0,2447000000.0,1436000000.0,449000000.0,206000000.0,25000000.0,1218000000.0,177000000.0,1041000000.0,1036000000.0,3.99,0.2644,0.1926,0.1634,0.1389,-0.1719,2835000000.0,1436000000.0,4.0164,,4.0342,,4.0342,1041000000.0,,1041000000.0,0.3802,0.2774,AEE
2022-06-30 00:00:00,6961000000.0,5057000000.0,1904000000.0,2427000000.0,1371000000.0,417000000.0,203000000.0,26000000.0,1183000000.0,169000000.0,1014000000.0,1009000000.0,3.89,0.2735,0.197,0.1699,0.145,-0.1751,2725000000.0,1371000000.0,3.918,,3.9368,,3.9368,1014000000.0,,1014000000.0,0.3915,0.3012,AEE
2022-03-31 00:00:00,6707000000.0,4136000000.0,2571000000.0,2341000000.0,1348000000.0,387000000.0,100000000.0,116000000.0,1177000000.0,164000000.0,1013000000.0,1009000000.0,3.9,0.3833,0.201,0.1755,0.1504,-0.1999,2682000000.0,1348000000.0,3.921,,3.9395,,3.9395,1013000000.0,,1013000000.0,0.3999,0.3107,AEE
2021-12-31 00:00:00,6394000000.0,3151000000.0,3243000000.0,2286000000.0,1333000000.0,383000000.0,-8000000.0,210000000.0,1152000000.0,157000000.0,995000000.0,990000000.0,3.85,0.5072,0.2085,0.1802,0.1548,-0.2912,2621000000.0,1333000000.0,3.8625,,3.8822,,3.8822,995000000.0,,995000000.0,0.4099,0.2598,AEE
2021-09-30 00:00:00,6177000000.0,2232000000.0,3945000000.0,2213000000.0,1347000000.0,398000000.0,-126000000.0,311000000.0,1134000000.0,149000000.0,985000000.0,980000000.0,3.84,0.6387,0.2181,0.1836,0.1587,-0.3879,2587000000.0,1347000000.0,3.8391,,3.86,,3.86,985000000.0,,985000000.0,0.4188,0.2574,AEE
2021-06-30 00:00:00,5994000000.0,1412000000.0,4582000000.0,2160000000.0,1307000000.0,414000000.0,-237000000.0,414000000.0,1070000000.0,142000000.0,928000000.0,922000000.0,3.68,0.7644,0.2181,0.1785,0.1538,-0.3859,2521000000.0,1307000000.0,3.6725,,3.6976,,3.6976,928000000.0,,928000000.0,0.4206,0.2451,AEE
2021-03-31 00:00:00,5920000000.0,1315000000.0,4605000000.0,2129000000.0,1375000000.0,426000000.0,-250000000.0,426000000.0,1125000000.0,161000000.0,964000000.0,958000000.0,3.86,0.7779,0.2323,0.19,0.1618,-0.3571,2559000000.0,1375000000.0,3.8481,,3.8737,,3.8737,964000000.0,,964000000.0,0.4323,0.2368,AEE
2020-12-31 00:00:00,5794000000.0,1275000000.0,4519000000.0,2144000000.0,1300000000.0,419000000.0,-268000000.0,419000000.0,1032000000.0,155000000.0,877000000.0,871000000.0,3.53,0.7799,0.2244,0.1781,0.1503,-0.2713,2475000000.0,1300000000.0,3.5263,,3.5506,,3.5506,877000000.0,,877000000.0,0.4272,0.2981,AEE
2020-09-30 00:00:00,5782000000.0,1303000000.0,4479000000.0,2162000000.0,1268000000.0,402000000.0,-254000000.0,402000000.0,1014000000.0,158000000.0,856000000.0,850000000.0,3.44,0.7746,0.2193,0.1754,0.147,-0.133,2439000000.0,1268000000.0,3.4464,,3.4686,,3.4686,856000000.0,,856000000.0,0.4218,0.3167,AEE
2020-06-30 00:00:00,5813000000.0,1314000000.0,4499000000.0,2181000000.0,1294000000.0,,-254000000.0,388000000.0,1040000000.0,187000000.0,853000000.0,847000000.0,3.44,0.774,0.2226,0.1789,0.1457,-0.1017,2446000000.0,1294000000.0,3.4445,,3.4637,,3.4637,853000000.0,,853000000.0,0.4208,0.3415,AEE
2020-03-31 00:00:00,5794000000.0,1326000000.0,4468000000.0,2246000000.0,1220000000.0,,-255000000.0,377000000.0,965000000.0,176000000.0,789000000.0,783000000.0,3.18,0.7711,0.2106,0.1666,0.1351,-0.082,2338000000.0,1220000000.0,3.1884,,3.2083,,3.2083,789000000.0,,789000000.0,0.4035,0.3578,AEE
2019-12-31 00:00:00,5910000000.0,1422000000.0,4488000000.0,2226000000.0,1267000000.0,,-251000000.0,381000000.0,1016000000.0,182000000.0,834000000.0,828000000.0,3.37,0.7594,0.2144,0.1719,0.1401,-0.046,2367000000.0,1267000000.0,3.3752,,3.3958,,3.3958,834000000.0,,834000000.0,0.4005,0.3672,AEE
2019-09-30 00:00:00,6013000000.0,1514000000.0,4499000000.0,2258000000.0,1254000000.0,,-272000000.0,389000000.0,982000000.0,174000000.0,808000000.0,802000000.0,3.27,0.7482,0.2085,0.1633,0.1334,-0.0422,2336000000.0,1254000000.0,3.2704,,3.2915,,3.2915,808000000.0,,808000000.0,0.3885,0.3579,AEE
2019-06-30 00:00:00,6078000000.0,1582000000.0,4496000000.0,2249000000.0,1267000000.0,,-279000000.0,394000000.0,988000000.0,187000000.0,801000000.0,795000000.0,3.25,0.7397,0.2085,0.1626,0.1308,-0.0216,2334000000.0,1267000000.0,3.2492,,3.2738,,3.2738,801000000.0,,801000000.0,0.384,0.3667,AEE
2019-03-31 00:00:00,6262000000.0,1679000000.0,4583000000.0,2242000000.0,1372000000.0,,-289000000.0,397000000.0,1083000000.0,222000000.0,861000000.0,855000000.0,3.5,0.7319,0.2191,0.1729,0.1365,-0.0021,2439000000.0,1372000000.0,3.4974,,3.5257,,3.5257,861000000.0,,861000000.0,0.3895,0.3671,AEE
2018-12-31 00:00:00,6291000000.0,1724000000.0,4567000000.0,2255000000.0,1357000000.0,,-299000000.0,401000000.0,1058000000.0,237000000.0,821000000.0,815000000.0,3.34,0.726,0.2157,0.1682,0.1296,-0.0267,2410000000.0,1357000000.0,3.3401,,3.3675,,3.3675,821000000.0,,821000000.0,0.3831,0.3449,AEE
2018-09-30 00:00:00,6271000000.0,1698000000.0,4573000000.0,2229000000.0,1403000000.0,,-289000000.0,398000000.0,1114000000.0,421000000.0,693000000.0,687000000.0,2.82,0.7292,0.2237,0.1776,0.1096,-0.029,2423000000.0,1403000000.0,2.8157,,2.8422,,2.8422,693000000.0,,693000000.0,0.3864,0.344,AEE
2018-06-30 00:00:00,6270000000.0,1691000000.0,4579000000.0,2215000000.0,1439000000.0,,-294000000.0,394000000.0,1145000000.0,521000000.0,624000000.0,618000000.0,2.55,0.7303,0.2295,0.1826,0.0986,-0.0319,2443000000.0,1439000000.0,2.5432,,2.5669,,2.5669,624000000.0,,624000000.0,0.3896,0.3309,AEE
2018-03-31 00:00:00,6244000000.0,1692000000.0,4552000000.0,2202000000.0,1441000000.0,,-302000000.0,393000000.0,1139000000.0,561000000.0,578000000.0,572000000.0,2.37,0.729,0.2308,0.1824,0.0916,-0.0336,2427000000.0,1441000000.0,2.3635,,2.3818,,2.3818,578000000.0,,578000000.0,0.3887,0.3275,AEE
2017-12-31 00:00:00,6174000000.0,1686000000.0,4488000000.0,2182000000.0,1410000000.0,,-305000000.0,391000000.0,1105000000.0,576000000.0,529000000.0,523000000.0,2.17,0.7269,0.2284,0.179,0.0847,-0.0125,2384000000.0,1410000000.0,2.1662,,2.1806,,2.1806,529000000.0,,529000000.0,0.3861,0.3431,AEE
2017-09-30 00:00:00,6131000000.0,1740000000.0,4391000000.0,2222000000.0,1284000000.0,,-261000000.0,390000000.0,1023000000.0,402000000.0,621000000.0,615000000.0,2.54,0.7162,0.2094,0.1669,0.1003,0.0059,2264000000.0,1284000000.0,2.512,,2.5598,,2.5334,621000000.0,,621000000.0,0.3693,0.3596,AEE
2017-06-30 00:00:00,6267000000.0,1770000000.0,4497000000.0,2220000000.0,1406000000.0,,-274000000.0,390000000.0,1132000000.0,430000000.0,702000000.0,696000000.0,2.87,0.7176,0.2243,0.1806,0.1111,0.0099,2375000000.0,1406000000.0,2.8543,,2.8937,,2.8673,702000000.0,,702000000.0,0.379,0.3538,AEE
2017-03-31 00:00:00,6157000000.0,1732000000.0,4425000000.0,2222000000.0,1344000000.0,,-280000000.0,386000000.0,1064000000.0,408000000.0,656000000.0,650000000.0,2.68,0.7187,0.2183,0.1728,0.1056,-0.0075,2296000000.0,1344000000.0,2.6677,,2.7041,,2.6777,656000000.0,,656000000.0,0.3729,0.3409,AEE
2016-12-31 00:00:00,6076000000.0,1709000000.0,4367000000.0,2200000000.0,1322000000.0,,-281000000.0,382000000.0,1041000000.0,382000000.0,659000000.0,653000000.0,2.69,0.7187,0.2176,0.1713,0.1075,-0.0023,2267000000.0,1322000000.0,2.6801,,2.7165,,2.6901,659000000.0,,659000000.0,0.3731,0.3484,AEE
2016-09-30 00:00:00,6028000000.0,1676000000.0,4352000000.0,2146000000.0,1376000000.0,,-333000000.0,378000000.0,1043000000.0,386000000.0,657000000.0,650000000.0,2.68,0.722,0.2283,0.173,0.1078,-0.0159,2308000000.0,1376000000.0,2.6986,,2.7042,,2.7005,657000000.0,,656000000.0,0.3829,0.3397,AEE
2016-06-30 00:00:00,6002000000.0,1709000000.0,4293000000.0,2162000000.0,1311000000.0,,-319000000.0,368000000.0,992000000.0,361000000.0,631000000.0,624000000.0,2.57,0.7153,0.2184,0.1653,0.104,-0.0177,2230000000.0,1311000000.0,2.5812,,2.597,,2.5912,631000000.0,,630000000.0,0.3715,0.3354,AEE
2016-03-31 00:00:00,5976000000.0,1719000000.0,4257000000.0,2155000000.0,1223000000.0,,-313000000.0,362000000.0,910000000.0,328000000.0,582000000.0,627000000.0,2.58,0.7123,0.2047,0.1523,0.1049,0.0027,2136000000.0,1223000000.0,2.3711,,2.6093,,2.3811,582000000.0,,633000000.0,0.3574,0.3461,AEE
2015-12-31 00:00:00,6098000000.0,1807000000.0,4291000000.0,2167000000.0,1259000000.0,,-311000000.0,355000000.0,948000000.0,363000000.0,585000000.0,630000000.0,2.6,0.7037,0.2065,0.1555,0.1033,0.0102,2155000000.0,1259000000.0,2.38,,2.6216,,2.39,585000000.0,51000000.0,636000000.0,0.3534,0.3331,AEE
2015-09-30 00:00:00,6160000000.0,1875000000.0,4285000000.0,2184000000.0,1244000000.0,,-290000000.0,339000000.0,954000000.0,353000000.0,601000000.0,649000000.0,2.68,0.6956,0.2019,0.1549,0.1054,0.0034,2114000000.0,1244000000.0,2.44,0.22,2.6999,0.22,2.46,601000000.0,54000000.0,655000000.0,0.3432,0.3091,AEE
2015-06-30 00:00:00,5997000000.0,1824000000.0,4173000000.0,2151000000.0,1179000000.0,,-288000000.0,337000000.0,891000000.0,339000000.0,552000000.0,599000000.0,2.48,0.6958,0.1966,0.1486,0.0999,-0.022,2030000000.0,1179000000.0,2.23,0.21,2.4938,0.21,2.25,552000000.0,53000000.0,605000000.0,0.3385,0.2821,AEE
2015-03-31 00:00:00,6015000000.0,1861000000.0,4154000000.0,2133000000.0,1264000000.0,,-281000000.0,337000000.0,983000000.0,379000000.0,604000000.0,598000000.0,2.47,0.6906,0.2101,0.1634,0.0994,-0.0337,2095000000.0,1264000000.0,2.45,,2.4897,,2.47,604000000.0,0.0,604000000.0,0.3483,0.2723,AEE
2014-12-31 00:00:00,6053000000.0,1902000000.0,4151000000.0,2152000000.0,1254000000.0,,-284000000.0,341000000.0,970000000.0,377000000.0,593000000.0,586000000.0,2.42,0.6858,0.2072,0.1603,0.0968,-0.0486,2067000000.0,1254000000.0,2.4,0.0,2.4403,0.0,2.42,593000000.0,-1000000.0,592000000.0,0.3415,0.2585,AEE
2014-09-30 00:00:00,6005000000.0,1897000000.0,4108000000.0,2079000000.0,1300000000.0,,-325000000.0,375000000.0,975000000.0,380000000.0,595000000.0,575000000.0,2.37,0.6841,0.2165,0.1624,0.0958,-0.0338,2109000000.0,1300000000.0,2.41,-0.0541,2.3949,-0.0541,2.42,595000000.0,-14000000.0,581000000.0,0.3512,0.2634,AEE
2014-06-30 00:00:00,5973000000.0,1890000000.0,4083000000.0,2060000000.0,1306000000.0,,-327000000.0,378000000.0,979000000.0,373000000.0,606000000.0,584000000.0,2.41,0.6836,0.2187,0.1639,0.0978,-0.0258,2099000000.0,1306000000.0,2.46,-0.06,2.432,-0.06,2.47,606000000.0,-16000000.0,590000000.0,0.3514,0.2644,AEE
2014-03-31 00:00:00,5957000000.0,1907000000.0,4050000000.0,2093000000.0,1245000000.0,,-344000000.0,389000000.0,901000000.0,340000000.0,561000000.0,530000000.0,2.19,0.6799,0.209,0.1513,0.089,-0.0062,2019000000.0,1245000000.0,2.28,-0.1,2.2094,-0.1,2.29,561000000.0,-25000000.0,536000000.0,0.3389,0.2607,AEE
2013-12-31 00:00:00,5838000000.0,1879000000.0,3959000000.0,2069000000.0,1184000000.0,,-355000000.0,398000000.0,829000000.0,311000000.0,518000000.0,289000000.0,1.19,0.6781,0.2028,0.142,0.0495,0.0461,1945000000.0,1184000000.0,2.1,-0.92,1.216,-0.92,2.11,518000000.0,-223000000.0,295000000.0,0.3332,0.29,AEE
2013-09-30 00:00:00,5774000000.0,1874000000.0,3900000000.0,2074000000.0,1121000000.0,,-345000000.0,386000000.0,776000000.0,297000000.0,479000000.0,-904000000.0,-3.72,0.6754,0.1941,0.1344,-0.1566,0.0656,1879000000.0,1121000000.0,1.95,-5.68,-3.7015,-5.68,1.96,479000000.0,-1377000000.0,-898000000.0,0.3254,0.293,AEE
2013-06-30 00:00:00,5845000000.0,1976000000.0,3869000000.0,2046000000.0,1132000000.0,,-360000000.0,397000000.0,772000000.0,289000000.0,483000000.0,-832000000.0,-3.43,0.6619,0.1937,0.1321,-0.1423,0.0821,1880000000.0,1132000000.0,1.98,-5.41,-3.413,-5.41,1.98,483000000.0,-1311000000.0,-828000000.0,0.3216,0.2903,AEE
2013-03-31 00:00:00,5844000000.0,1955000000.0,3889000000.0,1993000000.0,1215000000.0,,-357000000.0,395000000.0,858000000.0,319000000.0,539000000.0,-716000000.0,-2.95,0.6655,0.2079,0.1468,-0.1225,0.0905,1962000000.0,1215000000.0,2.2,-5.15,-2.9431,-5.15,2.2,539000000.0,-1253000000.0,-714000000.0,0.3357,0.2885,AEE
2012-12-31 00:00:00,5781000000.0,1966000000.0,3815000000.0,1954000000.0,1188000000.0,,-359000000.0,392000000.0,829000000.0,307000000.0,522000000.0,-974000000.0,-4.01,0.6599,0.2055,0.1434,-0.1685,0.0927,1924000000.0,1188000000.0,2.13,-6.14,-4.0149,-6.14,2.13,522000000.0,-1496000000.0,-974000000.0,0.3328,0.2923,AEE
