Date,Revenue,Cost of Revenue,Gross Profit,R&D Expenses,SG&A Expenses,Operating Income,Interest Expense (Operating),Non-operating Income/Expense,Non-operating Interest Expenses,EBT,Income Tax Provision,Income after Tax,Share of Subsidiary Earnings,Net Income Common,EPS (Basic),Gross Margin,EBIT Margin,EBT margin,Net Profit Margin,Free Cash Flow Margin,EBITDA,EBIT,"EPS (Diluted, from Cont. Ops)","EPS (Diluted, from Disc. Ops)","EPS (Basic, Consolidated)","EPS (Basic, from Discontinued Ops)","EPS (Basic, from Continuous Ops)",Income from Continuous Operations,Income from Discontinued Operations,Consolidated Net Income/Loss,EBITDA Margin,Operating Cash Flow Margin,Ticker
2022-09-30 00:00:00,5594000000.0,3275000000.0,2318000000.0,63000000.0,499291000.0,1605765900.0,94000000.0,54000000.0,104240000.0,1562000000.0,382000000.0,1180783000.0,483031000.0,1553000000.0,13.19,0.4144,0.2871,0.2792,0.2776,-0.055,2078000000.0,1605765900.0,14.1147,,14.1787,,14.1787,1663814100.0,,1664000000.0,0.3715,0.1447,ALB
2022-06-30 00:00:00,4333000000.0,2808000000.0,1523000000.0,58000000.0,465812000.0,846311900.0,70000000.0,-612000000.0,79685000.0,176000000.0,70000000.0,106322000.0,251853000.0,263000000.0,2.22,0.3515,0.1953,0.0406,0.0607,-0.2402,1304000000.0,846311900.0,3.0132,,3.0277,,3.0277,358175000.0,,359000000.0,0.3009,0.0043,ALB
2022-03-31 00:00:00,3626896000.0,2434479000.0,1190417000.0,54976000.0,458386000.0,954548800.0,48000000.0,-707138000.0,45428000.0,310195000.0,87985000.0,222096000.0,141695000.0,280600000.0,2.39,0.3282,0.2632,0.0855,0.0774,-0.1691,1395756000.0,954548800.0,3.0702,,3.0857,,3.0857,363791000.0,,364208000.0,0.3848,0.1082,ALB
2021-12-31 00:00:00,3328187000.0,2319083000.0,1008104000.0,53612000.0,439005000.0,798433800.0,35000000.0,-752708000.0,61476000.0,133489000.0,29092000.0,104172000.0,95770000.0,123277000.0,1.09,0.3029,0.2399,0.0401,0.037,-0.1831,1217880000.0,798433800.0,1.7157,,1.726,,1.726,199942000.0,,199906000.0,0.3659,0.1034,ALB
2021-09-30 00:00:00,3313334000.0,2285809900.0,1026524000.0,56987000.0,440612000.0,954856000.0,48152000.0,-754417000.0,75322000.0,189916000.0,3991000.0,185786000.0,105864000.0,211912000.0,1.91,0.3098,0.2882,0.0573,0.064,-0.0163,1205786100.0,954856000.0,2.5885,,2.6216,,2.6216,291650000.0,,292083000.0,0.3639,0.2498,ALB
2021-06-30 00:00:00,3229202000.0,2197621900.0,1031580000.0,57519000.0,435704000.0,967765000.0,61379000.0,-139305000.0,89413000.0,828460000.0,149644000.0,678816000.0,104312000.0,703213000.0,6.19,0.3195,0.2997,0.2566,0.2178,0.046,1211897000.0,967765000.0,6.8849,,6.923,,6.923,783128000.0,,783128000.0,0.3753,0.3025,ALB
2021-03-31 00:00:00,3219355000.0,2202832900.0,1016522000.0,57753000.0,421137000.0,537632000.0,72231000.0,-156292000.0,100113000.0,381340000.0,58090000.0,323250000.0,117428000.0,364237000.0,3.37,0.3158,0.167,0.1185,0.1131,-0.0043,778182000.0,537632000.0,4.0592,,4.0788,,4.0788,440678000.0,,440678000.0,0.2417,0.2491,ALB
2020-12-31 00:00:00,3128909000.0,2134055900.0,994853000.0,59214000.0,429827000.0,505811900.0,73116000.0,-132293000.0,73116000.0,373519000.0,54425000.0,319094000.0,127521000.0,375764000.0,3.53,0.318,0.1617,0.1194,0.1201,-0.0165,737795900.0,505811900.0,4.1815,,4.1974,,4.1974,446615000.0,,446615000.0,0.2358,0.2553,ALB
2020-09-30 00:00:00,3242325900.0,2174381900.0,1067944000.0,58102000.0,490081000.0,519760800.0,76364000.0,-116372000.0,76364000.0,403389000.0,59421000.0,343968000.0,106713000.0,381520000.0,3.59,0.3294,0.1603,0.1244,0.1177,-0.009,746740800.0,519760800.0,4.2292,,4.2416,,4.2416,450681000.0,,450681000.0,0.2303,0.2577,ALB
2020-06-30 00:00:00,3375204900.0,2251449900.0,1123755000.0,60155000.0,502124000.0,561475900.0,,-115908000.0,68245000.0,445568000.0,54109000.0,391459000.0,113795000.0,438289000.0,4.13,0.3329,0.1664,0.132,0.1299,-0.0377,784263900.0,561475900.0,4.7485,,4.7605,,4.7605,505254000.0,,505254000.0,0.2324,0.2157,ALB
2020-03-31 00:00:00,3496207900.0,2279897900.0,1216310000.0,59407000.0,521890000.0,635013000.0,,-110449000.0,61994000.0,524564000.0,69089000.0,455475000.0,120991000.0,506863000.0,4.78,0.3479,0.1816,0.15,0.145,-0.0088,852908000.0,635013000.0,5.4204,,5.436,,5.436,576466000.0,,576466000.0,0.244,0.2344,ALB
2019-12-31 00:00:00,3589426900.0,2331648900.0,1257778000.0,58287000.0,533368000.0,666123200.0,,-103173000.0,57695000.0,562950000.0,88161000.0,474789000.0,129568000.0,533228000.0,5.03,0.3504,0.1856,0.1568,0.1486,-0.034,879607200.0,666123200.0,5.6843,,5.7043,,5.7043,604357000.0,,604357000.0,0.2451,0.2004,ALB
2019-09-30 00:00:00,3518561900.0,2278911100.0,1239650800.0,60408000.0,469121000.0,701844900.0,,-87484000.0,47866000.0,614361000.0,104462000.0,509899000.0,134264000.0,572433000.0,5.4,0.3523,0.1995,0.1746,0.1627,-0.0885,908749900.0,701845000.0,6.0634,,6.0945,,6.0945,644163000.0,,644163000.0,0.2583,0.1463,ALB
2019-06-30 00:00:00,3416562900.0,2206242100.0,1210320800.0,61433000.0,461153000.0,679457900.0,,-74255000.0,49746000.0,605203000.0,112288000.0,492915000.0,123109000.0,547108000.0,5.15,0.3543,0.1989,0.1771,0.1601,-0.0886,881582900.0,679458000.0,5.7737,,5.8124,,5.8124,616024000.0,,616024000.0,0.258,0.1527,ALB
2019-03-31 00:00:00,3385384900.0,2189622100.0,1195762800.0,64045000.0,458075000.0,884070800.0,,-74120000.0,51453000.0,809951000.0,161979000.0,647972000.0,103768000.0,695371000.0,6.45,0.3532,0.2611,0.2392,0.2054,-0.087,1083721800.0,884070900.0,6.9355,,6.994,,6.994,751740000.0,,751740000.0,0.3201,0.1416,ALB
2018-12-31 00:00:00,3374949900.0,2157694100.0,1217255800.0,70054000.0,446090000.0,911539700.0,,-116839000.0,52405000.0,794701000.0,144826000.0,649875000.0,89264000.0,693562000.0,6.38,0.3607,0.2701,0.2355,0.2055,-0.0456,1112237700.0,911539800.0,6.7527,,6.817,,6.817,739139000.0,,739139000.0,0.3296,0.1618,ALB
2018-09-30 00:00:00,3311040100.0,2110465000.0,1200575100.0,74577000.0,443476000.0,901227100.0,,-94308000.0,56289000.0,806919000.0,511851000.0,295068000.0,90951000.0,345600000.0,3.18,0.3626,0.2722,0.2437,0.1044,0.0013,1104579100.0,901227100.0,3.5295,,3.5568,,3.5568,386019000.0,,386019000.0,0.3336,0.183,ALB
2018-06-30 00:00:00,3288158100.0,2092464000.0,1195694100.0,79730000.0,449780000.0,884889200.0,,-102891000.0,59093000.0,781998000.0,497179000.0,284819000.0,87914000.0,334525000.0,3.04,0.3636,0.2691,0.2378,0.1017,0.0248,1088429200.0,884889200.0,3.3674,,3.3983,,3.3983,372733000.0,,372733000.0,0.331,0.1771,ALB
2018-03-31 00:00:00,3171542100.0,2015243000.0,1156299100.0,80993000.0,442728000.0,632578200.0,,-100628000.0,60375000.0,531950000.0,440207000.0,91743000.0,83993000.0,135397000.0,1.21,0.3646,0.1995,0.1677,0.0427,-0.0165,834766200.0,632578200.0,1.5739,,1.5925,,1.5925,175736000.0,,175736000.0,0.2632,0.1081,ALB
2017-12-31 00:00:00,3071976100.0,1965700000.0,1106276100.0,84330000.0,450286000.0,571660200.0,,-124862000.0,115350000.0,446798000.0,431817000.0,14981000.0,84487000.0,54850000.0,0.48,0.3601,0.1861,0.1454,0.0179,-0.0045,768588200.0,571660200.0,0.8851,,0.8968,,0.8968,99468000.0,,99468000.0,0.2502,0.099,ALB
2017-09-30 00:00:00,2910841800.0,1867573000.0,1043268900.0,82514000.0,430761000.0,516947100.0,,-141890000.0,117216000.0,375057000.0,88324000.0,286733000.0,70110000.0,875306000.0,7.81,0.3584,0.1776,0.1288,0.3007,0.039,710704100.0,516947000.0,3.0899,,8.1949,,3.1451,356843000.0,,916817000.0,0.2442,0.1224,ALB
2017-06-30 00:00:00,2809985800.0,1803401000.0,1006584900.0,81763000.0,410592000.0,494434000.0,,-137068000.0,117370000.0,357366000.0,82223000.0,275143000.0,66019000.0,884856000.0,7.88,0.3582,0.176,0.1272,0.3149,0.083,686290000.0,494433900.0,2.8572,,8.2411,,2.8966,341162000.0,,924321000.0,0.2442,0.1524,ALB
2017-03-31 00:00:00,2742054800.0,1759327000.0,982727900.0,84926000.0,380062000.0,479888000.0,,-138897000.0,118580000.0,340991000.0,82749000.0,258242000.0,64817000.0,466702000.0,4.15,0.3584,0.175,0.1244,0.1702,0.1651,690575000.0,479887900.0,2.5831,,4.519,,2.6095,323059000.0,,507878000.0,0.2518,0.2354,ALB
2016-12-31 00:00:00,2677202800.0,1706897000.0,970305900.0,80475000.0,353765000.0,600980000.0,,-85716000.0,65181000.0,515264000.0,96263000.0,419001000.0,59637000.0,643675000.0,5.72,0.3624,0.2245,0.1925,0.2404,0.2013,827149000.0,600979900.0,3.9,1.78,6.0577,1.8,3.93,478638000.0,202131000.0,680769000.0,0.309,0.2747,ALB
2016-09-30 00:00:00,2511066900.0,1610766000.0,900300900.0,80251000.0,250641000.0,633939700.0,,-55215000.0,52871000.0,578725000.0,30534000.0,548191000.0,51522000.0,215837000.0,1.92,0.3585,0.2525,0.2305,0.086,0.1169,870142700.0,633939800.0,4.9653,-3.07,2.2698,-3.08,4.984,599713000.0,-346519000.0,253194000.0,0.3465,0.1983,ALB
2016-06-30 00:00:00,2550272900.0,1669899000.0,880373900.0,81142000.0,245351000.0,595450700.0,,-61429000.0,56219000.0,534022000.0,31284000.0,502738000.0,42305000.0,153009000.0,1.36,0.3452,0.2335,0.2094,0.06,0.1039,852562700.0,595450800.0,4.5153,-3.17,1.6767,-3.19,4.534,545043000.0,-358674000.0,186369000.0,0.3343,0.1884,ALB
2016-03-31 00:00:00,2599235900.0,1754935000.0,844300900.0,82567000.0,247306000.0,551221700.0,,-63645000.0,61018000.0,487577000.0,22479000.0,465098000.0,33577000.0,519977000.0,4.62,0.3248,0.2121,0.1876,0.2,0.0995,807863700.0,551221800.0,4.1453,0.44,4.9006,0.44,4.164,498675000.0,49788000.0,548463000.0,0.3108,0.1876,ALB
2015-12-31 00:00:00,2826428900.0,1966196000.0,860232900.0,89187000.0,300440000.0,345110700.0,,-34367000.0,81650000.0,310744000.0,11134000.0,299610000.0,27978000.0,334906000.0,2.99,0.3044,0.1221,0.1099,0.1185,0.0471,605186700.0,345110800.0,2.71,0.27,3.2384,0.28,2.72,327588000.0,31418000.0,360064000.0,0.2141,0.1277,ALB
2015-09-30 00:00:00,2894476200.0,2042494000.0,851982200.0,91714000.0,448795000.0,179032200.0,,-50682000.0,90742000.0,128350000.0,13919000.0,114431000.0,28788000.0,142146000.0,1.2,0.2943,0.0619,0.0443,0.0491,0.0624,404632200.0,179032000.0,1.0747,0.09,1.4225,0.09,1.056,143219000.0,13415000.0,163313000.0,0.1398,0.1309,ALB
2015-06-30 00:00:00,2843678200.0,2005295000.0,838383200.0,92218000.0,433795000.0,199085200.0,,-46879000.0,80197000.0,152206000.0,12512000.0,139694000.0,31702000.0,149548000.0,1.55,0.2948,0.07,0.0535,0.0526,0.0545,381412200.0,199085000.0,1.6047,-0.77,1.8305,-0.77,1.596,171396000.0,-57640000.0,173781000.0,0.1341,0.1163,ALB
2015-03-31 00:00:00,2730109200.0,1896394000.0,833715200.0,92230000.0,412796000.0,230061200.0,,-36278000.0,68331000.0,193783000.0,19434000.0,174349000.0,37233000.0,119848000.0,1.38,0.3054,0.0843,0.071,0.0439,0.09,369810200.0,230061000.0,2.2747,,1.6751,,2.276,211582000.0,,143820000.0,0.1355,0.1426,ALB
2014-12-31 00:00:00,2445548200.0,1674700000.0,770848200.0,88310000.0,355135000.0,271298200.0,,-58119000.0,41358000.0,213179000.0,18484000.0,194695000.0,35742000.0,133316000.0,1.69,0.3152,0.1109,0.0872,0.0545,0.1562,374870200.0,271298000.0,2.57,-0.88,2.0447,-0.88,2.57,230437000.0,-69531000.0,160906000.0,0.1533,0.2014,ALB
2014-09-30 00:00:00,2431588900.0,1573581000.0,858007900.0,88203000.0,181473000.0,519242200.0,,-42445000.0,35479000.0,476797000.0,107594000.0,369203000.0,34621000.0,307757000.0,3.85,0.3529,0.2135,0.1961,0.1266,0.1846,625479200.0,519242300.0,4.5769,-0.85,4.1692,-0.86,4.621,403824000.0,-67524000.0,336300000.0,0.2572,0.2245,ALB
2014-06-30 00:00:00,2380366900.0,1518194000.0,862172900.0,85237000.0,176829000.0,541571200.0,,-36942000.0,36226000.0,504629000.0,122820000.0,381809000.0,31309000.0,325475000.0,4.03,0.3622,0.2275,0.212,0.1367,0.1892,649838200.0,541571300.0,4.6669,-0.76,4.3318,-0.76,4.701,413118000.0,-60314000.0,352804000.0,0.273,0.2307,ALB
2014-03-31 00:00:00,2352487900.0,1506008000.0,846479900.0,84865000.0,171543000.0,539711200.0,,-36423000.0,35101000.0,503288000.0,121443000.0,381845000.0,30369000.0,385767000.0,4.72,0.3598,0.2294,0.2139,0.164,0.1529,649646200.0,539711300.0,4.5769,0.03,5.0428,0.03,4.601,412214000.0,2339000.0,414553000.0,0.2762,0.2055,ALB
2013-12-31 00:00:00,2394269900.0,1543799000.0,850470900.0,82246000.0,158189000.0,576675200.0,,-38233000.0,31559000.0,538442000.0,134445000.0,403997000.0,31729000.0,413171000.0,4.96,0.3552,0.2409,0.2249,0.1726,0.1159,684045200.0,576675300.0,4.85,,5.2462,,4.88,435726000.0,,439834000.0,0.2857,0.1808,ALB
2013-09-30 00:00:00,2270993000.0,1489297000.0,781696000.0,80087000.0,307156000.0,377470800.0,,-36498000.0,30001000.0,340973000.0,60602000.0,280371000.0,34142000.0,294964000.0,3.46,0.3442,0.1662,0.1501,0.1299,0.1333,481539800.0,377471000.0,3.2858,,3.7837,,3.2855,314513000.0,,321953000.0,0.212,0.2201,ALB
2013-06-30 00:00:00,2341023000.0,1551188000.0,789835000.0,80477000.0,299192000.0,393183800.0,,-32178000.0,28419000.0,361006000.0,66111000.0,294895000.0,36739000.0,313911000.0,3.46,0.3374,0.168,0.1542,0.1341,0.0962,494571800.0,393184000.0,3.459,,3.8626,,3.4666,331634000.0,,338543000.0,0.2113,0.2062,ALB
2013-03-31 00:00:00,2449075000.0,1601622000.0,847453000.0,79823000.0,299202000.0,356742800.0,,-32159000.0,29297000.0,324584000.0,67597000.0,256987000.0,39742000.0,281261000.0,2.9,0.346,0.1457,0.1325,0.1148,0.0745,456771800.0,356743000.0,3.1042,,3.3775,,3.116,296729000.0,,301010000.0,0.1865,0.1894,ALB
2012-12-31 00:00:00,2519154000.0,1620311000.0,898843000.0,78919000.0,308456000.0,399782800.0,,-31571000.0,32800000.0,368212000.0,80433000.0,287779000.0,38067000.0,311536000.0,3.16,0.3568,0.1587,0.1462,0.1237,0.0825,498802800.0,399783000.0,3.42,,3.7015,,3.44,325846000.0,,330127000.0,0.198,0.194,ALB
