Date,Revenue,Cost of Revenue,Gross Profit,R&D Expenses,SG&A Expenses,Operating Income,Non-operating Income/Expense,Non-operating Interest Expenses,EBT,Income Tax Provision,Income after Tax,Share of Subsidiary Earnings,Net Income Common,EPS (Basic),Gross Margin,EBIT Margin,EBT margin,Net Profit Margin,Free Cash Flow Margin,EBITDA,EBIT,"EPS (Diluted, from Cont. Ops)","EPS (Basic, Consolidated)","EPS (Basic, from Continuous Ops)",Income from Continuous Operations,Consolidated Net Income/Loss,EBITDA Margin,Operating Cash Flow Margin,Ticker
2022-09-30 00:00:00,3864000000.0,1092000000.0,2772000000.0,294000000.0,1715596900.0,750826000.0,-120000000.0,4000000.0,704000000.0,193000000.0,510759000.0,,511000000.0,6.47,0.7174,0.1943,0.1822,0.1322,0.0903,902000000.0,750825800.0,6.4566,6.5003,6.5003,510759000.0,511000000.0,0.2334,0.1804,ALGN
2022-06-30 00:00:00,3990000000.0,1081000000.0,2909000000.0,283000000.0,1745049900.0,868330000.0,-57000000.0,2000000.0,843000000.0,224000000.0,619028000.0,,619000000.0,7.82,0.7291,0.2176,0.2113,0.1551,0.0974,1014000000.0,868329800.0,7.8033,7.8629,7.8629,619028000.0,619000000.0,0.2541,0.1968,ALGN
2022-03-31 00:00:00,4030808000.0,1055270000.0,2975538000.0,267715000.0,1750572900.0,949036000.0,-42100000.0,2000000.0,937802000.0,232088000.0,705942000.0,,705714000.0,8.91,0.7382,0.2354,0.2327,0.1751,0.1317,1082794000.0,949035800.0,8.875,8.9518,8.9518,705942000.0,705714000.0,0.2686,0.2421,ALGN
2021-12-31 00:00:00,3952579000.0,1012943000.0,2939636000.0,250252000.0,1708230900.0,976400000.0,5075000.0,3000000.0,1012423000.0,240333000.0,772020000.0,,772090000.0,9.75,0.7437,0.247,0.2561,0.1953,0.1952,1098875000.0,976399800.0,9.6902,9.7827,9.7827,772020000.0,772090000.0,0.278,0.2967,ALGN
2021-09-30 00:00:00,3756098900.0,950000000.0,2806098900.0,227139000.0,1605428000.0,968691800.0,8433000.0,2000000.0,1006965000.0,266887100.0,740047000.0,,740078000.0,9.37,0.7471,0.2579,0.2681,0.197,0.2492,1079827800.0,968691900.0,9.2539,9.3365,9.3365,740047000.0,740078000.0,0.2875,0.3411,ALGN
2021-06-30 00:00:00,3474242900.0,894056000.0,2580186900.0,205666000.0,1489920000.0,884600800.0,44909000.0,2000000.0,929510000.0,231061100.0,698449000.0,,698449000.0,8.86,0.7427,0.2546,0.2675,0.201,0.2576,985382800.0,884600900.0,8.7386,8.8111,8.8111,698449000.0,698449000.0,0.2836,0.3273,ALGN
2021-03-31 00:00:00,2815748900.0,769772000.0,2045976900.0,188312000.0,1314966000.0,542698800.0,44516000.0,2000000.0,587215000.0,129082100.0,458133000.0,,458133000.0,5.81,0.7266,0.1927,0.2085,0.1627,0.2583,641133800.0,542698900.0,5.7153,5.7678,5.7678,458133000.0,458133000.0,0.2277,0.3124,ALGN
2020-12-31 00:00:00,2471940900.0,708706000.0,1763234900.0,175307000.0,1200757000.0,387170800.0,-8222000.0,1986000.0,378949000.0,-1396938900.0,1775888000.0,,1775888000.0,22.59,0.7133,0.1566,0.1533,0.7184,0.2052,480708800.0,387170900.0,22.4143,22.548,22.548,1775888000.0,1775888000.0,0.1945,0.2679,ALGN
2020-09-30 00:00:00,2287207800.0,662478000.0,1624729800.0,167747000.0,1131846000.0,325136800.0,-4933000.0,4892000.0,320204000.0,-1417958000.0,1738162000.0,,1738162000.0,22.11,0.7104,0.1422,0.14,0.7599,0.155,415701800.0,325136900.0,21.9823,22.1114,22.1114,1738162000.0,1738162000.0,0.1818,0.2181,ALGN
2020-06-30 00:00:00,2160404800.0,632209000.0,1528195800.0,162900000.0,1096868000.0,275219800.0,-11142000.0,,264078000.0,-1437237000.0,1701315000.0,,1701315000.0,21.63,0.7074,0.1274,0.1222,0.7875,0.1726,361004800.0,275219900.0,21.5061,21.6356,21.6356,1701315000.0,1701315000.0,0.1671,0.2418,ALGN
2020-03-31 00:00:00,2408787800.0,672631000.0,1736156800.0,161390000.0,1107849000.0,524709800.0,6708000.0,,531418000.0,-1361225000.0,1892643000.0,,1889059000.0,23.99,0.7208,0.2178,0.2206,0.7842,0.199,606121800.0,524709900.0,23.8474,23.9917,23.9917,1889059000.0,1889059000.0,0.2516,0.2656,ALGN
2019-12-31 00:00:00,2406795800.0,662899000.0,1743896800.0,157361000.0,1072053000.0,542492800.0,20158000.0,,562651000.0,112347000.0,450304000.0,-9611000.0,442776000.0,5.57,0.7246,0.2254,0.2338,0.184,0.2483,621482800.0,542492900.0,5.5279,5.5748,5.5748,442776000.0,442776000.0,0.2582,0.3105,ALGN
2019-09-30 00:00:00,2291028800.0,635994000.0,1655034800.0,151838000.0,1019391000.0,511815900.0,17030000.0,,528846000.0,100329000.0,428517000.0,,418906000.0,5.25,0.7224,0.2234,0.2308,0.1828,0.2658,585551900.0,511815900.0,5.2036,5.2519,5.2519,418906000.0,418906000.0,0.2556,0.3363,ALGN
2019-06-30 00:00:00,2188976800.0,599715000.0,1589261800.0,144858000.0,955750000.0,509871900.0,17160000.0,,527032000.0,99035000.0,427997000.0,-10743000.0,417254000.0,5.22,0.726,0.2329,0.2408,0.1906,0.2026,578020900.0,509871900.0,5.159,5.2188,5.2188,417254000.0,417254000.0,0.2641,0.2888,ALGN
2019-03-31 00:00:00,2078538800.0,555984000.0,1522554800.0,136811000.0,899889000.0,456072900.0,-5379000.0,,450694000.0,63617000.0,387077000.0,-10860000.0,376217000.0,4.7,0.7325,0.2194,0.2168,0.181,0.1893,517681900.0,456072900.0,4.6356,4.7009,4.7009,376217000.0,376217000.0,0.2491,0.286,ALGN
2018-12-31 00:00:00,1966491800.0,518625000.0,1447866800.0,128899000.0,852404000.0,466563900.0,87000.0,,466651000.0,57723000.0,408928000.0,-8693000.0,400235000.0,5.0,0.7363,0.2373,0.2373,0.2035,0.1685,521290900.0,466563900.0,4.9195,4.999,4.999,400235000.0,400235000.0,0.2651,0.2821,ALGN
2018-09-30 00:00:00,1853795000.0,471107000.0,1382688000.0,119265000.0,807726000.0,455697000.0,1149000.0,,456846000.0,138860000.0,317986000.0,-4879000.0,313107000.0,3.91,0.7459,0.2458,0.2464,0.1689,0.1279,504906100.0,455697000.0,3.8363,3.908,3.908,313107000.0,313107000.0,0.2724,0.2566,ALGN
2018-06-30 00:00:00,1733773000.0,430378000.0,1303395000.0,110766000.0,763377000.0,429252000.0,3502000.0,,432754000.0,132603000.0,300151000.0,-5361000.0,294790000.0,3.68,0.7518,0.2476,0.2496,0.17,0.1526,474314100.0,429252000.0,3.6059,3.6786,3.6786,294790000.0,294790000.0,0.2736,0.287,ALGN
2018-03-31 00:00:00,1599996000.0,391266000.0,1208730000.0,104346000.0,714254000.0,390130000.0,11896000.0,,402026000.0,140287000.0,261739000.0,-3875000.0,257864000.0,3.22,0.7555,0.2438,0.2513,0.1612,0.1716,431436100.0,390130000.0,3.151,3.2186,3.2186,257864000.0,257864000.0,0.2696,0.2927,ALGN
2017-12-31 00:00:00,1473413000.0,356466000.0,1116947000.0,97559000.0,665777000.0,353611000.0,11188000.0,,364799000.0,130162000.0,234637000.0,-3219000.0,231418000.0,2.89,0.7581,0.24,0.2476,0.1571,0.1648,391350100.0,353611000.0,2.828,2.8896,2.8896,231418000.0,231418000.0,0.2656,0.2976,ALGN
2017-09-30 00:00:00,1345293000.0,326014000.0,1019279000.0,92998000.0,613904000.0,312377000.0,1091000.0,,313468000.0,38536000.0,274932000.0,-6157000.0,268775000.0,3.36,0.7577,0.2322,0.233,0.1998,0.1612,346308000.0,312377000.0,3.29,3.3592,3.3592,268775000.0,268775000.0,0.2574,0.2655,ALGN
2017-06-30 00:00:00,1238615000.0,302622000.0,935993000.0,89212000.0,571088000.0,275693000.0,-1196000.0,,274497000.0,31890000.0,242607000.0,-5020000.0,237587000.0,2.97,0.7557,0.2226,0.2216,0.1918,0.1528,306553000.0,275693000.0,2.9111,2.9717,2.9717,237587000.0,237587000.0,0.2475,0.2413,ALGN
2017-03-31 00:00:00,1151495000.0,281203000.0,870292000.0,83441000.0,529591000.0,257260000.0,-4283000.0,,252977000.0,31616000.0,221361000.0,,218556000.0,2.74,0.7558,0.2234,0.2197,0.1898,0.1343,284337000.0,257260000.0,2.6806,2.7362,2.7362,218556000.0,218556000.0,0.2469,0.2298,ALGN
2016-12-31 00:00:00,1079874000.0,264580000.0,815294000.0,75720000.0,490653000.0,248921000.0,-6355000.0,,242566000.0,51200000.0,191366000.0,,189682000.0,2.38,0.755,0.2305,0.2246,0.1757,0.164,272923000.0,248921000.0,2.3278,2.3753,2.3753,189682000.0,189682000.0,0.2527,0.2293,ALGN
2016-09-30 00:00:00,1016947000.0,249092000.0,767855000.0,68000000.0,459967000.0,239888000.0,1474000.0,,241362000.0,49947000.0,191415000.0,,190938000.0,2.39,0.7551,0.2359,0.2373,0.1878,0.17,261537000.0,239887900.0,2.3449,2.3914,2.3914,190938000.0,190938000.0,0.2572,0.2419,ALGN
2016-06-30 00:00:00,945994000.0,229765000.0,716229000.0,65364000.0,435010000.0,215855000.0,-1557000.0,,214298000.0,47111000.0,167187000.0,,167187000.0,2.1,0.7571,0.2282,0.2265,0.1767,0.1902,235106000.0,215854900.0,2.055,2.0951,2.0951,167187000.0,167187000.0,0.2485,0.2603,ALGN
2016-03-31 00:00:00,886120000.0,216473000.0,669647000.0,62435000.0,414168000.0,193044000.0,-1508000.0,,191536000.0,43147000.0,148389000.0,,148389000.0,1.86,0.7557,0.2179,0.2162,0.1675,0.1975,211532000.0,193043900.0,1.8232,1.8585,1.8585,148389000.0,148389000.0,0.2387,0.263,ALGN
2015-12-31 00:00:00,845486000.0,205376000.0,640110000.0,61237000.0,390239000.0,188634000.0,-2533000.0,,186101000.0,42081000.0,144020000.0,,144020000.0,1.8,0.7571,0.2231,0.2201,0.1703,0.2183,206638000.0,188633900.0,1.7667,1.8002,1.8002,144020000.0,144020000.0,0.2444,0.2815,ALGN
2015-09-30 00:00:00,813810000.0,195848000.0,617962000.0,60624000.0,376550000.0,180788000.0,-4562000.0,,176226000.0,41542000.0,134684000.0,,134684000.0,1.68,0.7593,0.2222,0.2165,0.1655,0.2291,198316000.0,180788000.0,1.6498,1.6784,1.6784,134684000.0,134684000.0,0.2437,0.2829,ALGN
2015-06-30 00:00:00,796050000.0,190610000.0,605440000.0,55699000.0,355452000.0,194289000.0,-4993000.0,,189296000.0,43981000.0,145315000.0,,145315000.0,1.8,0.7606,0.2441,0.2378,0.1825,0.248,211653000.0,194289000.0,1.7755,1.8068,1.8068,145315000.0,145315000.0,0.2659,0.2987,ALGN
2015-03-31 00:00:00,779093000.0,186811000.0,592282000.0,53304000.0,338282000.0,200696000.0,-5260000.0,,195436000.0,45871000.0,149565000.0,,149565000.0,1.85,0.7602,0.2576,0.2509,0.192,0.2693,218084000.0,200696000.0,1.8226,1.8556,1.8556,149565000.0,149565000.0,0.2799,0.3139,ALGN
2014-12-31 00:00:00,761653000.0,183210000.0,578443000.0,52799000.0,332068000.0,193576000.0,-3207000.0,,190369000.0,44537000.0,145832000.0,,145832000.0,1.8,0.7595,0.2542,0.2499,0.1915,0.2663,211432000.0,193576000.0,1.7723,1.806,1.806,145832000.0,145832000.0,0.2776,0.2979,ALGN
2014-09-30 00:00:00,741345000.0,177088000.0,564257000.0,50493000.0,318759000.0,195005000.0,-1690000.0,,193315000.0,44603000.0,148712000.0,,148712000.0,1.84,0.7611,0.263,0.2608,0.2006,0.2714,212652000.0,195005000.0,1.8067,1.8329,1.8329,148712000.0,148712000.0,0.2868,0.3,ALGN
2014-06-30 00:00:00,715975000.0,171682000.0,544293000.0,48554000.0,310817000.0,184922000.0,758000.0,,185680000.0,40678000.0,145002000.0,,145002000.0,1.8,0.7602,0.2583,0.2593,0.2025,0.2654,202088000.0,184922000.0,1.7624,1.7904,1.7904,145002000.0,145002000.0,0.2823,0.2933,ALGN
2014-03-31 00:00:00,687272000.0,164764000.0,522508000.0,46181000.0,302236000.0,174091000.0,516000.0,,174607000.0,35885000.0,138722000.0,,138722000.0,1.72,0.7603,0.2533,0.2541,0.2018,0.2543,190748000.0,174091000.0,1.687,1.7149,1.7149,138722000.0,138722000.0,0.2775,0.2816,ALGN
2013-12-31 00:00:00,660206000.0,162100000.0,498106000.0,44083000.0,292798000.0,94212000.0,-1073000.0,,93139000.0,28844000.0,64295000.0,,64295000.0,0.8,0.7545,0.1427,0.1411,0.0974,0.2523,111037000.0,94212000.0,0.7785,0.7982,0.7982,64295000.0,64295000.0,0.1682,0.2817,ALGN
2013-09-30 00:00:00,624754000.0,156646000.0,468108000.0,44824000.0,285984000.0,58361000.0,-1546000.0,,56815000.0,25382000.0,31433000.0,,31433000.0,0.39,0.7493,0.0934,0.0909,0.0503,0.2363,76275000.0,58361000.0,0.3734,0.3929,0.3929,31433000.0,31433000.0,0.1221,0.2715,ALGN
2013-06-30 00:00:00,596744000.0,153376000.0,443368000.0,43861000.0,274503000.0,21400000.0,-2348000.0,,19052000.0,22500000.0,-3448000.0,,-3448000.0,0.26,0.743,0.0359,0.0319,-0.0058,0.2225,39849000.0,21400000.0,-0.0528,-0.0432,-0.0432,-3448000.0,-3448000.0,0.0668,0.2593,ALGN
2013-03-31 00:00:00,578542000.0,150065000.0,428477000.0,43625000.0,261737000.0,19511000.0,-1472000.0,,18039000.0,22315000.0,-4276000.0,,-4276000.0,0.25,0.7406,0.0337,0.0312,-0.0074,0.1822,38367000.0,19511000.0,-0.0662,-0.0527,-0.0527,-4276000.0,-4276000.0,0.0663,0.2365,ALGN
2012-12-31 00:00:00,560041000.0,143653000.0,416388000.0,42869000.0,251336000.0,85592000.0,-1296000.0,,84296000.0,25605000.0,58691000.0,,58691000.0,1.04,0.7435,0.1528,0.1505,0.1048,0.1704,103403000.0,85592000.0,0.7069,0.7288,0.7288,58691000.0,58691000.0,0.1846,0.2389,ALGN
