Date,Revenue,Cost of Revenue,Gross Profit,SG&A Expenses,Operating Income,Interest Expense (Operating),Non-operating Income/Expense,Non-operating Interest Expenses,EBT,Income Tax Provision,Income after Tax,Net Income Common,EPS (Basic),Gross Margin,EBIT Margin,EBT margin,Net Profit Margin,Free Cash Flow Margin,EBITDA,EBIT,"EPS (Diluted, from Cont. Ops)","EPS (Diluted, from Disc. Ops)","EPS (Basic, Consolidated)","EPS (Basic, from Discontinued Ops)","EPS (Basic, from Continuous Ops)",Income from Continuous Operations,Income from Discontinued Operations,Consolidated Net Income/Loss,EBITDA Margin,Operating Cash Flow Margin,Ticker
2022-09-30 00:00:00,3119600000.0,1858300000.0,1261300000.0,716100000.0,542099900.0,65400000.0,47100000.0,13800000.0,498800000.0,63200000.0,435600000.0,435400000.0,4.92,0.4043,0.1738,0.1599,0.1396,0.1011,659000000.0,542099900.0,4.9086,,4.9321,,4.9321,435600000.0,,435600000.0,0.2112,0.1197,ALLE
2022-06-30 00:00:00,2922900000.0,1729800000.0,1193100000.0,672500000.0,517599900.0,54600000.0,41000000.0,13700000.0,499600000.0,41300000.0,464600000.0,464300000.0,5.22,0.4082,0.1771,0.1709,0.1588,0.0886,606400000.0,517599900.0,5.1996,,5.2292,,5.2292,464600000.0,,464600000.0,0.2075,0.1065,ALLE
2022-03-31 00:00:00,2896700000.0,1699000000.0,1197700000.0,679700000.0,515899900.0,49800000.0,24100000.0,26000000.0,502500000.0,40600000.0,468200000.0,467900000.0,5.23,0.4135,0.1781,0.1735,0.1615,0.1151,600600000.0,515899900.0,5.2048,,5.2386,,5.2386,468200000.0,,468200000.0,0.2073,0.1316,ALLE
2021-12-31 00:00:00,2867400000.0,1661500000.0,1205900000.0,674100000.0,530199900.0,50200000.0,12800000.0,38200000.0,517700000.0,40700000.0,483300000.0,482900000.0,5.37,0.4206,0.1849,0.1805,0.1684,0.1489,615400000.0,530199900.0,5.3404,,5.3759,,5.3759,483300000.0,,483300000.0,0.2146,0.1647,ALLE
2021-09-30 00:00:00,2885499900.0,1646199900.0,1239300000.0,664200000.0,532800000.0,49300000.0,-22200000.0,37300000.0,499000000.0,41300000.0,464000000.0,463500000.0,5.13,0.4295,0.1846,0.1729,0.1606,0.1764,619900000.0,532800000.0,5.0919,,5.1257,,5.1257,464000000.0,,464000000.0,0.2148,0.1911,ALLE
2021-06-30 00:00:00,2896899900.0,1639899900.0,1257000000.0,658900000.0,554800000.0,50000000.0,-30600000.0,49900000.0,524200000.0,56900000.0,467300000.0,466900000.0,5.12,0.4339,0.1915,0.181,0.1612,0.2034,643400000.0,554800000.0,5.0863,,5.1163,,5.1163,467300000.0,,467300000.0,0.2221,0.2174,ALLE
2021-03-31 00:00:00,2739499900.0,1556399900.0,1183100000.0,633900000.0,505900000.0,50700000.0,-30000000.0,50500000.0,475900000.0,53700000.0,422200000.0,421900000.0,4.6,0.4319,0.1847,0.1737,0.154,0.1934,593900000.0,505900000.0,4.57,,4.5948,,4.5948,422200000.0,,422200000.0,0.2168,0.2085,ALLE
2020-12-31 00:00:00,2719899900.0,1541099900.0,1178800000.0,635700000.0,403500000.0,51600000.0,-38100000.0,51100000.0,365400000.0,50900000.0,314500000.0,314300000.0,3.41,0.4334,0.1484,0.1343,0.1156,0.1629,586200000.0,403500000.0,3.389,,3.4073,,3.4073,314500000.0,,314500000.0,0.2155,0.1803,ALLE
2020-09-30 00:00:00,2712100000.0,1533999900.0,1178100100.0,644200000.0,429100000.0,52600000.0,-71800000.0,52100000.0,357300000.0,55500000.0,301800000.0,301700000.0,3.26,0.4344,0.1582,0.1317,0.1112,0.1654,614600100.0,429100000.0,3.246,,3.2637,,3.2637,301800000.0,,301800000.0,0.2266,0.1837,ALLE
2020-06-30 00:00:00,2732000000.0,1537599900.0,1194400100.0,655400000.0,436800000.0,,-88700000.0,54800000.0,348100000.0,61500000.0,286600000.0,286400000.0,3.08,0.4372,0.1599,0.1274,0.1048,0.1642,620300100.0,436800000.0,3.0624,,3.0838,,3.0838,286600000.0,,286600000.0,0.227,0.1864,ALLE
2020-03-31 00:00:00,2873700000.0,1605199900.0,1268500100.0,680300000.0,486000000.0,,-94200000.0,55200000.0,391800000.0,69500000.0,322300000.0,322000000.0,3.45,0.4414,0.1691,0.1363,0.1121,0.1623,670300100.0,486000000.0,3.4251,,3.4516,,3.4516,322300000.0,,322300000.0,0.2333,0.185,ALLE
2019-12-31 00:00:00,2854000000.0,1601699900.0,1252300100.0,681300000.0,565100000.0,,-89900000.0,56000000.0,475200000.0,73100000.0,402100000.0,401800000.0,4.3,0.4388,0.198,0.1665,0.1408,0.1481,654000100.0,565100000.0,4.2641,,4.2959,,4.2959,402100000.0,,402100000.0,0.2292,0.1711,ALLE
2019-09-30 00:00:00,2836900000.0,1603300100.0,1233599900.0,670400000.0,563200100.0,,-58500000.0,56400000.0,504700000.0,50400000.0,454300000.0,453900000.0,4.83,0.4348,0.1985,0.1779,0.16,0.1446,646200100.0,563200100.0,4.7927,,4.8286,,4.8286,454300000.0,,454300000.0,0.2278,0.1681,ALLE
2019-06-30 00:00:00,2800100000.0,1592600100.0,1207499900.0,670100000.0,537400100.0,,-53000000.0,54800000.0,484400000.0,45700000.0,438700000.0,438300000.0,4.64,0.4312,0.1919,0.173,0.1565,0.1388,619500100.0,537400100.0,4.6035,,4.6378,,4.6378,438700000.0,,438700000.0,0.2212,0.1593,ALLE
2019-03-31 00:00:00,2773600000.0,1581200100.0,1192399900.0,657300000.0,535100100.0,,-50700000.0,54800000.0,484400000.0,41100000.0,443300000.0,442900000.0,4.67,0.4299,0.1929,0.1746,0.1597,0.1452,619500100.0,535100100.0,4.6383,,4.6715,,4.6715,443300000.0,,443300000.0,0.2234,0.1642,ALLE
2018-12-31 00:00:00,2731700000.0,1558400100.0,1173299900.0,647500000.0,525800100.0,,-50600000.0,54000000.0,475200000.0,39800000.0,435400000.0,434900000.0,4.58,0.4295,0.1925,0.174,0.1592,0.1496,612000100.0,525800100.0,4.5496,,4.5831,,4.5831,435400000.0,,435400000.0,0.224,0.1676,ALLE
2018-09-30 00:00:00,2652299900.0,1503500000.0,1148799900.0,633500100.0,515299800.0,,-89100000.0,96200000.0,426200000.0,111600000.0,314600000.0,311700000.0,3.28,0.4331,0.1943,0.1607,0.1175,0.1471,598099800.0,515299800.0,3.2838,,3.311,,3.311,314600000.0,,314600000.0,0.2255,0.165,ALLE
2018-06-30 00:00:00,2550199900.0,1436400000.0,1113799900.0,613700100.0,500099800.0,,-92100000.0,100000000.0,408000000.0,119400000.0,288600000.0,285500000.0,3.01,0.4368,0.1961,0.16,0.112,0.1385,579799800.0,500099800.0,3.0124,,3.0386,,3.0386,288600000.0,,288600000.0,0.2274,0.1576,ALLE
2018-03-31 00:00:00,2472499900.0,1383000000.0,1089499900.0,597800100.0,491699800.0,,-92100000.0,102700000.0,399600000.0,119200000.0,280400000.0,277100000.0,2.92,0.4406,0.1989,0.1616,0.1121,0.1326,564599800.0,491699800.0,2.9231,,2.9499,,2.9499,280400000.0,,280400000.0,0.2284,0.1529,ALLE
2017-12-31 00:00:00,2408199900.0,1335300000.0,1072899900.0,580400100.0,492499800.0,,-96800000.0,105700000.0,395700000.0,119000000.0,276700000.0,273300000.0,2.88,0.4455,0.2045,0.1643,0.1135,0.1237,559399800.0,492499800.0,2.8823,,2.9095,,2.9095,276700000.0,,276700000.0,0.2323,0.1442,ALLE
2017-09-30 00:00:00,2354900000.0,1315500100.0,1039399900.0,571800000.0,467599900.0,,-67600000.0,65700000.0,400000000.0,60400000.0,339600000.0,338500000.0,3.56,0.4414,0.1986,0.1699,0.1437,0.1356,533699900.0,467599900.0,3.5316,,3.5642,,3.5642,339600000.0,,339600000.0,0.2266,0.1567,ALLE
2017-06-30 00:00:00,2326600000.0,1298100100.0,1028499900.0,566500000.0,461999900.0,,-152900000.0,63500000.0,309100000.0,57600000.0,251500000.0,250300000.0,2.63,0.4421,0.1986,0.1329,0.1076,0.1259,528099900.0,461999900.0,2.6117,,2.6366,,2.6366,251500000.0,,251500000.0,0.227,0.1463,ALLE
2017-03-31 00:00:00,2284500000.0,1269900100.0,1014599900.0,563300000.0,451299900.0,,-149000000.0,63900000.0,302300000.0,61200000.0,241100000.0,239800000.0,2.51,0.4441,0.1975,0.1323,0.105,0.129,518299900.0,451299900.0,2.494,,2.5211,,2.5211,241100000.0,,241100000.0,0.2269,0.1477,ALLE
2016-12-31 00:00:00,2238000000.0,1248300100.0,989699900.0,555400000.0,434299900.0,,-139300000.0,64300000.0,295000000.0,63800000.0,231200000.0,229100000.0,2.39,0.4422,0.1941,0.1318,0.1024,0.1497,501199900.0,434299900.0,2.3859,,2.4133,,2.4133,231200000.0,,231200000.0,0.2239,0.1687,ALLE
2016-09-30 00:00:00,2213700100.0,1246300000.0,967400100.0,557600000.0,409800100.0,,-121500000.0,64700000.0,288300000.0,60100000.0,228200000.0,226200000.0,2.36,0.437,0.1851,0.1302,0.1022,0.1246,476200100.0,409800100.0,2.3529,,2.3798,,2.3697,228200000.0,,228200000.0,0.2151,0.14,ALLE
2016-06-30 00:00:00,2177100100.0,1233200000.0,943900100.0,545200000.0,398700100.0,,-138300000.0,62800000.0,260400000.0,60400000.0,200000000.0,197300000.0,2.06,0.4336,0.1831,0.1196,0.0906,0.1342,460600100.0,398700100.0,2.0523,,2.0837,,2.0689,200000000.0,,199800000.0,0.2116,0.1493,ALLE
2016-03-31 00:00:00,2111700100.0,1213400000.0,898300100.0,528200000.0,370100100.0,,-142100000.0,57600000.0,228000000.0,58400000.0,169600000.0,166200000.0,1.74,0.4254,0.1753,0.108,0.0787,0.1037,427600100.0,370100100.0,1.7268,,1.7664,,1.7431,169600000.0,,169400000.0,0.2025,0.1192,ALLE
2015-12-31 00:00:00,2068100100.0,1199000000.0,869100100.0,510500000.0,358600100.0,,-149300000.0,52900000.0,209300000.0,54600000.0,154700000.0,153900000.0,1.61,0.4202,0.1734,0.1012,0.0744,0.1074,411800100.0,358600100.0,1.59,-0.0042,1.609,-0.02,1.61,154700000.0,,154300000.0,0.1991,0.1243,ALLE
2015-09-30 00:00:00,2096200100.0,1248400000.0,847800100.0,507600000.0,340200100.0,,-166800000.0,52100000.0,173400000.0,68200000.0,105200000.0,117400000.0,1.23,0.4044,0.1623,0.0827,0.056,0.0815,390000100.0,340200000.0,1.21,-0.0242,1.0903,-0.0421,1.25,105200000.0,-2700000.0,104500000.0,0.1861,0.0999,ALLE
2015-06-30 00:00:00,2098400100.0,1254000000.0,844400100.0,508500000.0,335900100.0,,-60300000.0,51100000.0,275600000.0,76100000.0,199500000.0,205500000.0,2.14,0.4024,0.1601,0.1313,0.0979,0.0866,385100100.0,335900000.0,2.14,,2.0549,,2.18,199500000.0,,197000000.0,0.1835,0.1074,ALLE
2015-03-31 00:00:00,2110400100.0,1261800000.0,848600100.0,519100000.0,329500100.0,,-60100000.0,52300000.0,269400000.0,80200000.0,189200000.0,184800000.0,1.92,0.4021,0.1561,0.1277,0.0876,0.0995,378200100.0,329500000.0,2.01,-0.1121,1.8613,-0.12,2.04,189200000.0,-10500000.0,178700000.0,0.1792,0.1238,ALLE
2014-12-31 00:00:00,2118300100.0,1264600000.0,853700100.0,527400000.0,326300100.0,,-58400000.0,53800000.0,267900000.0,84200000.0,183700000.0,175200000.0,1.82,0.403,0.154,0.1265,0.0827,0.0967,375100100.0,326300000.0,1.92,-0.12,1.796,-0.12,1.94,183700000.0,-11100000.0,172600000.0,0.1771,0.1208,ALLE
2014-09-30 00:00:00,2095400000.0,1210100000.0,885300000.0,516700000.0,368600000.0,,-44300000.0,47100000.0,312300000.0,139600000.0,172700000.0,149400000.0,1.55,0.4225,0.1759,0.149,0.0713,0.1107,417000000.0,368600000.0,1.6648,-0.1252,1.6646,-0.1152,1.6652,171300000.0,-11300000.0,160000000.0,0.199,0.1137,ALLE
2014-06-30 00:00:00,2077700000.0,1190600000.0,887100000.0,508400000.0,241100000.0,,-34300000.0,34900000.0,194800000.0,157800000.0,37000000.0,10500000.0,0.11,0.427,0.116,0.0938,0.0051,0.112,426300000.0,241100000.0,0.2048,-0.1094,0.267,-0.0994,0.2052,35600000.0,-9700000.0,25900000.0,0.2052,0.11,ALLE
2014-03-31 00:00:00,2074900000.0,1195300000.0,879600000.0,490200000.0,251800000.0,,-22500000.0,22900000.0,217300000.0,171700000.0,45600000.0,27600000.0,0.29,0.4239,0.1214,0.1047,0.0133,0.1158,436000000.0,251800000.0,0.3148,-0.0294,0.4331,-0.0294,0.3152,44200000.0,-2500000.0,41700000.0,0.2101,0.1073,ALLE
2013-12-31 00:00:00,2081600000.0,1208100000.0,873500000.0,483100000.0,252800000.0,,-17400000.0,10200000.0,223400000.0,175000000.0,48400000.0,31200000.0,0.33,0.4196,0.1214,0.1073,0.015,0.1179,436500000.0,252800000.0,0.3448,-0.0215,0.4698,-0.0215,0.3452,47000000.0,-1900000.0,45100000.0,0.2097,0.1076,ALLE
2013-09-30 00:00:00,,,,,,,,1400000.0,139100000.0,102200000.0,,,,,,0.0,,0.0,,,,,,,,36900000.0,-1400000.0,,,0.0,ALLE
2013-06-30 00:00:00,,,,,,,,,,,,,,,,,,0.0,,,,,,,,,,,,0.0,ALLE
2013-03-31 00:00:00,,,,,,,,,,,,,,,,,,0.0,,,,,,,,,,,,0.0,ALLE
2012-12-31 00:00:00,,,,,,,,,,,,,,,,,,0.0,,,,,,,,,,,,0.0,ALLE
