Date,Revenue,Cost of Revenue,Gross Profit,SG&A Expenses,Operating Income,Interest Expense (Operating),Non-operating Income/Expense,Non-operating Interest Expenses,EBT,Income Tax Provision,Income after Tax,Net Income Common,EPS (Basic),Gross Margin,EBIT Margin,EBT margin,Net Profit Margin,Free Cash Flow Margin,EBITDA,EBIT,"EPS (Diluted, from Cont. Ops)","EPS (Basic, Consolidated)","EPS (Basic, from Continuous Ops)",Income from Continuous Operations,Consolidated Net Income/Loss,EBITDA Margin,Operating Cash Flow Margin,Ticker
2022-09-30 00:00:00,3813300000.0,2480800000.0,1332500000.0,686200000.0,655399800.0,7400000.0,-5300000.0,7400000.0,648400000.0,153000000.0,495400000.0,495400000.0,3.15,0.3494,0.1719,0.17,0.1299,0.1045,722700000.0,655400100.0,3.1396,3.1627,3.1627,495400000.0,495400000.0,0.1895,0.1256,AOS
2022-06-30 00:00:00,3853700000.0,2477900000.0,1375800000.0,708300000.0,668599800.0,6000000.0,9000000.0,6000000.0,670100000.0,152900000.0,517200000.0,517200000.0,3.26,0.357,0.1735,0.1739,0.1342,0.1101,744700000.0,668600100.0,3.2509,3.2773,3.2773,517200000.0,517200000.0,0.1932,0.1296,AOS
2022-03-31 00:00:00,3747600000.0,2384100000.0,1363500000.0,714700000.0,649199800.0,4800000.0,11200000.0,4800000.0,656100000.0,146900000.0,509200000.0,509200000.0,3.18,0.3638,0.1732,0.1751,0.1359,0.1287,727500000.0,649200100.0,3.176,3.2043,3.2043,509200000.0,509200000.0,0.1941,0.1476,AOS
2021-12-31 00:00:00,3538900000.0,2228300000.0,1310600000.0,701400000.0,609499800.0,4300000.0,18800000.0,4300000.0,625600000.0,138500000.0,487100000.0,487100000.0,3.02,0.3703,0.1722,0.1768,0.1376,0.1599,687100000.0,609500100.0,3.0195,3.0462,3.0462,487100000.0,487100000.0,0.1942,0.1812,AOS
2021-09-30 00:00:00,3377900000.0,2103699900.0,1274200100.0,688400000.0,586000000.0,3900000.0,10900000.0,3900000.0,595700000.0,128200000.0,467500000.0,467500000.0,2.89,0.3772,0.1735,0.1764,0.1384,0.1608,663100000.0,586000100.0,2.8873,2.9114,2.9114,467500000.0,467500000.0,0.1963,0.1801,AOS
2021-06-30 00:00:00,3223300000.0,1992099900.0,1231200100.0,670200000.0,559400000.0,4500000.0,7200000.0,4500000.0,566600000.0,125300000.0,441300000.0,441300000.0,2.72,0.382,0.1735,0.1758,0.1369,0.1601,638400000.0,559400100.0,2.7167,2.7377,2.7377,441300000.0,441300000.0,0.1981,0.1796,AOS
2021-03-31 00:00:00,3027400000.0,1870099900.0,1157300100.0,653000000.0,496600100.0,6100000.0,5700000.0,6100000.0,502300000.0,111400000.0,390900000.0,390900000.0,2.41,0.3823,0.164,0.1659,0.1291,0.1821,576000100.0,496600200.0,2.404,2.4207,2.4207,390900000.0,390900000.0,0.1903,0.2023,AOS
2020-12-31 00:00:00,2895300000.0,1787099900.0,1108200100.0,660300000.0,440200100.0,7300000.0,3700000.0,7300000.0,443900000.0,99000000.0,344900000.0,344900000.0,2.13,0.3828,0.152,0.1533,0.1191,0.1745,520200100.0,440200200.0,2.1212,2.1352,2.1352,344900000.0,344900000.0,0.1797,0.1941,AOS
2020-09-30 00:00:00,2811700000.0,1732600000.0,1079100000.0,669000000.0,402400000.0,8800000.0,5100000.0,8800000.0,407500000.0,91300000.0,316200000.0,316200000.0,1.95,0.3838,0.1431,0.1449,0.1125,0.1621,483300000.0,402399900.0,1.9407,1.9538,1.9538,316200000.0,316200000.0,0.1719,0.1802,AOS
2020-06-30 00:00:00,2779900000.0,1713700000.0,1066200000.0,681900000.0,378200000.0,,4800000.0,10300000.0,383000000.0,84900000.0,298100000.0,298100000.0,1.83,0.3835,0.136,0.1378,0.1072,0.158,458100000.0,378199900.0,1.8194,1.8322,1.8322,298100000.0,298100000.0,0.1648,0.1769,AOS
2020-03-31 00:00:00,2881400000.0,1754000000.0,1127400000.0,704700000.0,422699900.0,,5500000.0,11200000.0,428200000.0,95800000.0,332400000.0,332400000.0,2.02,0.3913,0.1467,0.1486,0.1154,0.1501,500899900.0,422699800.0,2.0087,2.0236,2.0236,332400000.0,332400000.0,0.1738,0.1696,AOS
2019-12-31 00:00:00,2992700000.0,1812000000.0,1180700000.0,715600000.0,465099900.0,,7000000.0,11000000.0,472100000.0,102100000.0,370000000.0,370000000.0,2.23,0.3945,0.1554,0.1578,0.1236,0.1309,543399900.0,465099800.0,2.2194,2.2364,2.2364,370000000.0,370000000.0,0.1816,0.1524,AOS
2019-09-30 00:00:00,3054299800.0,1831600100.0,1222699700.0,721799900.0,494199800.0,,17200000.0,10300000.0,511400000.0,106400000.0,405000000.0,405000000.0,2.41,0.4003,0.1618,0.1674,0.1326,0.1188,570999800.0,494200100.0,2.4019,2.4207,2.4207,405000000.0,405000000.0,0.1869,0.144,AOS
2019-06-30 00:00:00,3080199800.0,1835700100.0,1244499700.0,727099900.0,510699800.0,,19400000.0,9200000.0,530100000.0,107800000.0,422300000.0,422300000.0,2.49,0.404,0.1658,0.1721,0.1371,0.1095,585599800.0,510700100.0,2.4823,2.5028,2.5028,422300000.0,422300000.0,0.1901,0.1362,AOS
2019-03-31 00:00:00,3148099800.0,1871300100.0,1276799700.0,745599900.0,524499800.0,,19500000.0,8100000.0,544000000.0,109300000.0,434700000.0,434700000.0,2.54,0.4056,0.1666,0.1728,0.1381,0.1075,598699800.0,524500100.0,2.5378,2.5601,2.5601,434700000.0,434700000.0,0.1902,0.1357,AOS
2018-12-31 00:00:00,3187899800.0,1882400100.0,1305499700.0,753799900.0,544999800.0,,12800000.0,8400000.0,557800000.0,113600000.0,444200000.0,444200000.0,2.58,0.4095,0.171,0.175,0.1393,0.1141,616899800.0,545000100.0,2.5796,2.6039,2.6039,444200000.0,444200000.0,0.1935,0.1408,AOS
2018-09-30 00:00:00,3143999900.0,1853200000.0,1290799800.0,752200000.0,538599700.0,,5200000.0,9500000.0,543800000.0,203200000.0,340600000.0,340600000.0,1.97,0.4106,0.1713,0.173,0.1083,0.1206,609999700.0,538599800.0,1.973,1.9927,1.9927,340600000.0,340600000.0,0.194,0.148,AOS
2018-06-30 00:00:00,3139799900.0,1850000000.0,1289799800.0,751400000.0,538399700.0,,5500000.0,10000000.0,543900000.0,214200000.0,329700000.0,329700000.0,1.9,0.4108,0.1715,0.1732,0.105,0.1048,609599700.0,538399800.0,1.9026,1.9226,1.9226,329700000.0,329700000.0,0.1942,0.1358,AOS
2018-03-31 00:00:00,3044699900.0,1791700000.0,1252999800.0,732500000.0,520499700.0,,5300000.0,10200000.0,525800000.0,218200000.0,307600000.0,307600000.0,1.77,0.4115,0.171,0.1727,0.101,0.0941,591599700.0,520499800.0,1.768,1.7874,1.7874,307600000.0,307600000.0,0.1943,0.1252,AOS
2017-12-31 00:00:00,2996699900.0,1764300000.0,1232399800.0,722800000.0,509599700.0,,11200000.0,10100000.0,520800000.0,224300000.0,296500000.0,296500000.0,1.7,0.4113,0.1701,0.1738,0.0989,0.0775,579699700.0,509599800.0,1.698,1.7172,1.7172,296500000.0,296500000.0,0.1934,0.1089,AOS
2017-09-30 00:00:00,2926199900.0,1731600000.0,1194599900.0,716700000.0,477900000.0,,18500000.0,8800000.0,496400000.0,139900000.0,356500000.0,356500000.0,2.04,0.4082,0.1633,0.1696,0.1218,0.0837,546200000.0,477899900.0,2.0353,2.0589,2.0589,356500000.0,356500000.0,0.1867,0.1139,AOS
2017-06-30 00:00:00,2860199900.0,1687300000.0,1172899900.0,704600000.0,468300000.0,,14900000.0,8400000.0,483200000.0,137200000.0,346000000.0,346000000.0,1.97,0.4101,0.1637,0.1689,0.121,0.0998,535600000.0,468299900.0,1.9692,1.9925,1.9925,346000000.0,346000000.0,0.1873,0.1275,AOS
2017-03-31 00:00:00,2788999900.0,1636600000.0,1152399900.0,686300000.0,466100000.0,,13200000.0,7800000.0,479300000.0,138600000.0,340700000.0,340700000.0,1.93,0.4132,0.1671,0.1719,0.1222,0.1185,531900000.0,466099900.0,1.933,1.9562,1.9562,340700000.0,340700000.0,0.1907,0.1465,AOS
2016-12-31 00:00:00,2685899900.0,1571700000.0,1114199900.0,662500000.0,451700000.0,,10800000.0,7300000.0,462500000.0,136000000.0,326500000.0,326500000.0,1.845,0.4148,0.1682,0.1722,0.1216,0.1362,516800000.0,451699900.0,1.8465,1.8687,1.8687,326500000.0,326500000.0,0.1924,0.1663,AOS
2016-09-30 00:00:00,2627200000.0,1534900000.0,1092300000.0,639200000.0,453100100.0,,2300000.0,7100000.0,455400000.0,131800000.0,323600000.0,323600000.0,1.825,0.4158,0.1725,0.1733,0.1232,0.1142,517500100.0,453100100.0,1.8258,1.8456,1.8456,323600000.0,323600000.0,0.197,0.144,AOS
2016-06-30 00:00:00,2568400000.0,1503800000.0,1064600000.0,623500000.0,441100100.0,,3100000.0,6600000.0,444200000.0,130200000.0,314000000.0,314000000.0,1.765,0.4145,0.1717,0.1729,0.1223,0.1426,504600100.0,441100100.0,1.7663,1.7835,1.7835,314000000.0,314000000.0,0.1965,0.1735,AOS
2016-03-31 00:00:00,2554900000.0,1511600000.0,1043300000.0,622900000.0,420400100.0,,2900000.0,7200000.0,423300000.0,125300000.0,298000000.0,298000000.0,1.67,0.4084,0.1645,0.1657,0.1166,0.118,484000100.0,420400100.0,1.67,1.6845,1.6845,298000000.0,298000000.0,0.1894,0.1482,AOS
2015-12-31 00:00:00,2536500000.0,1526700000.0,1009800000.0,610700000.0,399100100.0,,3400000.0,7400000.0,402500000.0,119600000.0,282900000.0,282900000.0,1.58,0.3981,0.1573,0.1587,0.1115,0.11,462100100.0,399100100.0,1.5804,1.5927,1.5927,282900000.0,282900000.0,0.1822,0.1387,AOS
2015-09-30 00:00:00,2523900000.0,1544799900.0,979100100.0,613900000.0,365200200.0,,1900000.0,7400000.0,367100000.0,110800000.0,256300000.0,256300000.0,1.425,0.3879,0.1447,0.1454,0.1015,0.1046,427900200.0,365200100.0,1.4259,1.4371,1.4371,256300000.0,256300000.0,0.1695,0.1336,AOS
2015-06-30 00:00:00,2480400000.0,1541599900.0,938800100.0,610400000.0,328400200.0,,800000.0,7300000.0,329200000.0,95900000.0,233300000.0,233300000.0,1.295,0.3785,0.1324,0.1327,0.0941,0.0682,390200200.0,328400100.0,1.2933,1.3035,1.3035,233300000.0,233300000.0,0.1573,0.0949,AOS
2015-03-31 00:00:00,2422300000.0,1529699900.0,892600100.0,588400000.0,304200300.0,,400000.0,6200000.0,304600000.0,85100000.0,219500000.0,219500000.0,1.215,0.3685,0.1256,0.1257,0.0906,0.0727,364800300.0,304200200.0,1.2118,1.2212,1.2212,219500000.0,219500000.0,0.1506,0.104,AOS
2014-12-31 00:00:00,2356000000.0,1496699900.0,859300100.0,572100000.0,287200300.0,,-500000.0,5700000.0,286700000.0,78900000.0,207800000.0,207800000.0,1.145,0.3647,0.1219,0.1217,0.0882,0.0755,347000300.0,287200200.0,1.1419,1.1506,1.1506,207800000.0,207800000.0,0.1473,0.1121,AOS
2014-09-30 00:00:00,2288100100.0,1460800100.0,827300100.0,553000000.0,274300300.0,,-4800000.0,5500000.0,269500000.0,72500000.0,197000000.0,197000000.0,1.08,0.3616,0.1199,0.1178,0.0861,0.0688,336200300.0,274300100.0,1.0782,1.086,1.0849,197000000.0,197000000.0,0.1469,0.1116,AOS
2014-06-30 00:00:00,2242700100.0,1434100100.0,808600100.0,541200000.0,267400300.0,,-5900000.0,5400000.0,261500000.0,68900000.0,192600000.0,192600000.0,1.05,0.3605,0.1192,0.1166,0.0859,0.0687,328700300.0,267400100.0,1.0481,1.0556,1.0545,192600000.0,192600000.0,0.1466,0.1179,AOS
2014-03-31 00:00:00,2196400100.0,1406000100.0,790400100.0,535400000.0,255000200.0,,-10800000.0,5600000.0,244200000.0,66800000.0,177400000.0,177400000.0,0.96,0.3599,0.1161,0.1112,0.0808,0.0699,315400200.0,255000000.0,0.9596,0.9663,0.9652,177400000.0,177400000.0,0.1436,0.1175,AOS
2013-12-31 00:00:00,2153800100.0,1380000100.0,773800100.0,524500000.0,249300200.0,,-12900000.0,5700000.0,236400000.0,66700000.0,169700000.0,169700000.0,0.915,0.3593,0.1157,0.1098,0.0788,0.0845,309000200.0,249300000.0,0.915,0.9211,0.92,169700000.0,169700000.0,0.1435,0.1298,AOS
2013-09-30 00:00:00,2119200000.0,1359700000.0,759500000.0,510100000.0,246300000.0,,-5300000.0,6600000.0,241000000.0,70600000.0,170400000.0,166500000.0,0.8975,0.3584,0.1162,0.1137,0.0786,0.0788,302700000.0,246300000.0,1.045,1.0295,1.0507,170400000.0,166500000.0,0.1428,0.1218,AOS
2013-06-30 00:00:00,2045200000.0,1325500000.0,719700000.0,487900000.0,235100000.0,,-3400000.0,7100000.0,231700000.0,70500000.0,161200000.0,157300000.0,0.845,0.3519,0.115,0.1133,0.0769,0.0819,291200000.0,235100000.0,0.9945,0.9788,1.0,161200000.0,157300000.0,0.1424,0.1199,AOS
2013-03-31 00:00:00,1980300000.0,1298100000.0,682200000.0,465200000.0,220300000.0,,700000.0,7700000.0,221000000.0,66900000.0,154100000.0,150200000.0,0.8075,0.3445,0.1112,0.1116,0.0758,0.0532,275600000.0,220300000.0,0.9566,0.9407,0.9619,154100000.0,150200000.0,0.1392,0.0912,AOS
2012-12-31 00:00:00,1939300000.0,1287300000.0,652000000.0,450500000.0,204800000.0,,29000000.0,9200000.0,233800000.0,71200000.0,162600000.0,158700000.0,0.8525,0.3362,0.1056,0.1206,0.0818,0.0381,259400000.0,204800000.0,0.875,0.8588,0.88,162600000.0,158700000.0,0.1338,0.0742,AOS
