Date,Revenue,Cost of Revenue,Gross Profit,R&D Expenses,SG&A Expenses,Operating Income,Interest Expense (Operating),Non-operating Income/Expense,Non-operating Interest Expenses,EBT,Income Tax Provision,Income after Tax,Net Income Common,EPS (Basic),Gross Margin,EBIT Margin,EBT margin,Net Profit Margin,Free Cash Flow Margin,EBITDA,EBIT,"EPS (Diluted, from Cont. Ops)","EPS (Diluted, from Disc. Ops)","EPS (Basic, Consolidated)","EPS (Basic, from Discontinued Ops)","EPS (Basic, from Continuous Ops)",Income from Continuous Operations,Income from Discontinued Operations,Consolidated Net Income/Loss,EBITDA Margin,Operating Cash Flow Margin,Ticker
2022-09-30 00:00:00,12155000000.0,2231000000.0,9924000000.0,239000000.0,2153000000.0,5586000000.0,338000000.0,1637000000.0,10000000.0,5586000000.0,1558000000.0,4028000000.0,3613000000.0,10.5,0.8165,0.4596,0.4596,0.2972,0.3204,6797000000.0,5586000000.0,11.6507,,11.6842,,11.6842,4028000000.0,,4028000000.0,0.5592,0.3797,APA
2022-06-30 00:00:00,10934000000.0,2023000000.0,8911000000.0,178000000.0,2078000000.0,4536000000.0,363000000.0,1221000000.0,10000000.0,4536000000.0,1068000000.0,3468000000.0,3078000000.0,8.92,0.815,0.4149,0.4149,0.2815,0.3465,5772000000.0,4536000000.0,9.9654,,9.9941,,9.9941,3468000000.0,,3468000000.0,0.5279,0.3916,APA
2022-03-31 00:00:00,9664000000.0,1724000000.0,7940000000.0,148000000.0,2000000000.0,3569000000.0,395000000.0,1416000000.0,10000000.0,3569000000.0,760000000.0,2809000000.0,2468000000.0,7.03,0.8216,0.3693,0.3693,0.2554,0.3622,4878000000.0,3569000000.0,7.922,,7.9445,,7.9445,2809000000.0,,2809000000.0,0.5048,0.3845,APA
2021-12-31 00:00:00,7928000000.0,1844000000.0,6084000000.0,155000000.0,1821000000.0,1891000000.0,418000000.0,15000000.0,8000000.0,1891000000.0,578000000.0,1313000000.0,973000000.0,2.61,0.7674,0.2385,0.2385,0.1227,0.3329,3251000000.0,1891000000.0,3.5012,,3.5107,,3.5107,1313000000.0,,1313000000.0,0.4101,0.441,APA
2021-09-30 00:00:00,6814000000.0,1557000000.0,5257000000.0,196000000.0,1657000000.0,1307000000.0,434000000.0,-192000000.0,9000000.0,1307000000.0,424000000.0,883000000.0,601000000.0,1.58,0.7715,0.1918,0.1918,0.0882,0.3213,2725000000.0,1307000000.0,2.3301,,2.3362,,2.3362,883000000.0,,883000000.0,0.3999,0.4269,APA
2021-06-30 00:00:00,6307000000.0,1231000000.0,5076000000.0,220000000.0,1562000000.0,1257000000.0,445000000.0,150000000.0,9000000.0,1257000000.0,303000000.0,954000000.0,710000000.0,1.87,0.8048,0.1993,0.1993,0.1126,0.2642,2738000000.0,1257000000.0,2.5178,,2.5239,,2.5239,954000000.0,,954000000.0,0.4341,0.3872,APA
2021-03-31 00:00:00,5121000000.0,1026000000.0,4095000000.0,266000000.0,1495000000.0,346000000.0,441000000.0,-21000000.0,7000000.0,346000000.0,178000000.0,168000000.0,8000000.0,0.02,0.7996,0.0676,0.0676,0.0016,0.1119,1894000000.0,346000000.0,0.4413,,0.4445,,0.4445,168000000.0,,168000000.0,0.3698,0.304,APA
2020-12-31 00:00:00,4308000000.0,631000000.0,3677000000.0,274000000.0,1540000000.0,-4840000000.0,434000000.0,4714000000.0,7000000.0,-4840000000.0,64000000.0,-4904000000.0,-4860000000.0,-12.86,0.8535,-1.1235,-1.1235,-1.1281,0.0585,-3068000000.0,-4840000000.0,-12.9735,,-12.9735,,-12.9735,-4904000000.0,,-4904000000.0,-0.7122,0.3222,APA
2020-09-30 00:00:00,4797000000.0,571000000.0,4226000000.0,772000000.0,1654000000.0,-7945000000.0,422000000.0,7483000000.0,5000000.0,-7945000000.0,261000000.0,-8206000000.0,-7846000000.0,-20.78,0.881,-1.6562,-1.6562,-1.6356,0.0438,-5842000000.0,-7945000000.0,-21.7317,,-21.7317,,-21.7317,-8206000000.0,,-8206000000.0,-1.2178,0.3477,APA
2020-06-30 00:00:00,5153000000.0,522000000.0,4631000000.0,770000000.0,1801000000.0,-8003000000.0,,7488000000.0,,-8003000000.0,361000000.0,-8364000000.0,-8012000000.0,-21.22,0.8987,-1.5531,-1.5531,-1.5548,0.0844,-5587000000.0,-8003000000.0,-22.1505,,-22.1505,,-22.1505,-8364000000.0,,-8364000000.0,-1.0842,0.3879,APA
2020-03-31 00:00:00,6175000000.0,495000000.0,5680000000.0,793000000.0,1957000000.0,-7739000000.0,,6568000000.0,,-7739000000.0,563000000.0,-8302000000.0,-7986000000.0,-21.16,0.9198,-1.2533,-1.2533,-1.2933,0.1582,-5139000000.0,-7739000000.0,-21.9887,,-21.9887,,-21.9887,-8302000000.0,,-8302000000.0,-0.8322,0.4487,APA
2019-12-31 00:00:00,6553000000.0,448000000.0,6105000000.0,805000000.0,2060000000.0,-3008000000.0,,-3129000000.0,,-3008000000.0,674000000.0,-3682000000.0,-3553000000.0,-9.42,0.9316,-0.459,-0.459,-0.5422,0.0952,-328000000.0,-3008000000.0,-9.7665,,-9.7665,,-9.7665,-3682000000.0,,-3682000000.0,-0.0501,0.4375,APA
2019-09-30 00:00:00,6880000000.0,718000000.0,6162000000.0,472000000.0,2074000000.0,-317000000.0,,,,-317000000.0,468000000.0,-785000000.0,-958000000.0,-2.53,0.8956,-0.0461,-0.0461,-0.1392,0.0571,2276000000.0,-317000000.0,-2.0623,,-2.0689,,-2.0689,-785000000.0,,-785000000.0,0.3308,0.4552,APA
2019-06-30 00:00:00,7363000000.0,721000000.0,6642000000.0,515000000.0,2121000000.0,75000000.0,,,,75000000.0,582000000.0,-507000000.0,-707000000.0,-1.87,0.9021,0.0102,0.0102,-0.096,0.027,2567000000.0,75000000.0,-1.3338,,-1.3382,,-1.3382,-507000000.0,,-507000000.0,0.3486,0.4758,APA
2019-03-31 00:00:00,7674000000.0,712000000.0,6962000000.0,496000000.0,2106000000.0,735000000.0,,,,735000000.0,657000000.0,78000000.0,-152000000.0,-0.4,0.9072,0.0958,0.0958,-0.0198,0.001,3233000000.0,735000000.0,0.2031,,0.2042,,0.2042,78000000.0,,78000000.0,0.4213,0.49,APA
2018-12-31 00:00:00,7764000000.0,688000000.0,7076000000.0,503000000.0,2085000000.0,958000000.0,,,,958000000.0,672000000.0,286000000.0,40000000.0,0.1,0.9114,0.1234,0.1234,0.0052,0.0014,3363000000.0,958000000.0,0.7449,,0.7488,,0.7488,286000000.0,,286000000.0,0.4332,0.4865,APA
2018-09-30 00:00:00,7245000000.0,306000000.0,6939000000.0,369000000.0,2024000000.0,1580000000.0,,,,1580000000.0,426000000.0,1154000000.0,877000000.0,2.3,0.9578,0.2181,0.2181,0.121,-0.0181,3924000000.0,1580000000.0,3.0059,,3.0216,,3.0216,1154000000.0,,1154000000.0,0.5416,0.4696,APA
2018-06-30 00:00:00,6837000000.0,258000000.0,6579000000.0,501000000.0,1982000000.0,1267000000.0,,,,1267000000.0,169000000.0,1098000000.0,859000000.0,2.25,0.9623,0.1853,0.1853,0.1256,-0.0281,3560000000.0,1267000000.0,2.8619,,2.8768,,2.8768,1098000000.0,,1098000000.0,0.5207,0.4315,APA
2018-03-31 00:00:00,6292000000.0,224000000.0,6068000000.0,533000000.0,1967000000.0,768000000.0,,,,768000000.0,-674000000.0,1442000000.0,1236000000.0,3.24,0.9644,0.1221,0.1221,0.1964,-0.031,3025000000.0,768000000.0,3.7637,,3.7815,,3.7815,1442000000.0,,1442000000.0,0.4808,0.4113,APA
2017-12-31 00:00:00,6423000000.0,195000000.0,6228000000.0,549000000.0,1930000000.0,918000000.0,,,,918000000.0,-585000000.0,1503000000.0,1304000000.0,3.42,0.9696,0.1429,0.1429,0.203,0.0663,3198000000.0,918000000.0,3.9243,,3.9448,,3.9448,1503000000.0,,1503000000.0,0.4979,0.378,APA
2017-09-30 00:00:00,6288000000.0,194000000.0,6094000000.0,557000000.0,2013000000.0,526000000.0,,,,526000000.0,-316000000.0,842000000.0,666000000.0,1.74,0.9691,0.0837,0.0837,0.1059,0.1425,2856000000.0,526000000.0,1.971,,2.2085,,1.9863,842000000.0,,842000000.0,0.4542,0.4065,APA
2017-06-30 00:00:00,6151000000.0,201000000.0,5950000000.0,487000000.0,2009000000.0,-472000000.0,,,,-472000000.0,-683000000.0,211000000.0,-4000000.0,-0.02,0.9673,-0.0767,-0.0767,-0.0007,0.1775,1947000000.0,-472000000.0,0.1868,,0.4618,,0.2007,211000000.0,,178000000.0,0.3165,0.4313,APA
2017-03-31 00:00:00,6149000000.0,205000000.0,5944000000.0,470000000.0,2029000000.0,-762000000.0,,-9804000000.0,,-762000000.0,-160000000.0,-602000000.0,-820000000.0,-2.17,0.9667,-0.1239,-0.1239,-0.1334,0.2129,1754000000.0,-762000000.0,-1.9414,,-1.6748,,-1.9359,-602000000.0,,-635000000.0,0.2852,0.4303,APA
2016-12-31 00:00:00,5354000000.0,200000000.0,5154000000.0,473000000.0,2030000000.0,-1682000000.0,,,,-1682000000.0,-442000000.0,-1240000000.0,-1405000000.0,-4.02,0.9626,-0.3142,-0.3142,-0.2624,0.1149,936000000.0,-1682000000.0,-3.62,,-3.3589,,-3.62,-1240000000.0,,-1273000000.0,0.1748,0.4539,APA
2016-09-30 00:00:00,5390000000.0,203000000.0,5187000000.0,2670000000.0,2586000000.0,-1657000000.0,,-10308000000.0,,-1657000000.0,1059000000.0,-2716000000.0,-1921000000.0,-22.61,0.9623,-0.3074,-0.3074,-0.3564,-0.0668,1146000000.0,-1657000000.0,-6.2192,1.56,-5.8525,1.56,-6.2192,-2716000000.0,591000000.0,-2228000000.0,0.2126,0.3354,APA
2016-06-30 00:00:00,5478000000.0,210000000.0,5268000000.0,2732000000.0,2736000000.0,-5122000000.0,,,,-5122000000.0,1187000000.0,-6309000000.0,-5457000000.0,-35.96,0.9617,-0.935,-0.935,-0.9962,-0.1426,-2095000000.0,-5122000000.0,-15.6192,,-15.3232,,-15.6192,-6309000000.0,,-5805000000.0,-0.3824,0.341,APA
2016-03-31 00:00:00,6342000000.0,207000000.0,6135000000.0,2866000000.0,2842000000.0,-5027000000.0,,,,-5027000000.0,1999000000.0,-7026000000.0,-6073000000.0,-50.14,0.9674,-0.7927,-0.7927,-0.9576,-0.1684,-9351000000.0,-5027000000.0,-17.6915,,-16.904,,-17.6915,-7026000000.0,,-6402000000.0,-1.4745,0.3557,APA
2015-12-31 00:00:00,6889000000.0,211000000.0,6678000000.0,,2516000000.0,-12169000000.0,,,,-12169000000.0,-1010000000.0,-11159000000.0,-10352000000.0,-61.19,0.9694,-1.7664,-1.7664,-1.5027,-0.2719,-8869000000.0,-12169000000.0,-28.7,1.3,-28.2196,1.3,-28.7,-11159000000.0,492000000.0,-10667000000.0,-1.2874,0.3871,APA
2015-09-30 00:00:00,6469000000.0,233000000.0,6236000000.0,,2146000000.0,-20933000000.0,,,,-20933000000.0,-4758000000.0,-16175000000.0,-17425000000.0,-54.9,0.964,-3.2359,-3.2359,-2.6936,-0.6777,-19108000000.0,-20933000000.0,-42.81,-2.93,-45.4129,-2.91,-42.83,-16175000000.0,-1119000000.0,-17294000000.0,-2.9538,0.6063,APA
2015-06-30 00:00:00,8384000000.0,242000000.0,8142000000.0,,2326000000.0,-16880000000.0,,,,-16880000000.0,-3739000000.0,-13141000000.0,-14612000000.0,-43.45,0.9711,-2.0134,-2.0134,-1.7428,-0.6196,-13192000000.0,-16880000000.0,-34.98,-3.31,-37.7283,-3.29,-35.0,-13141000000.0,-1258000000.0,-14399000000.0,-1.5735,0.6091,APA
2015-03-31 00:00:00,9427000000.0,259000000.0,9168000000.0,,2543000000.0,-15783000000.0,,,,-15783000000.0,-4116000000.0,-11667000000.0,-13247000000.0,-27.31,0.9725,-1.6742,-1.6742,-1.4052,-0.3453,-4161000000.0,-15783000000.0,-31.21,-3.49,-34.0276,-3.47,-31.23,-11667000000.0,-1322000000.0,-12989000000.0,-0.4414,0.6698,APA
2014-12-31 00:00:00,11472000000.0,273000000.0,11199000000.0,,3268000000.0,-6830000000.0,,,,-6830000000.0,-518000000.0,-6312000000.0,-8360000000.0,-14.37,0.9762,-0.5954,-0.5954,-0.7287,-0.2211,-2304000000.0,-6830000000.0,-17.32,-4.44,-20.8828,-4.44,-17.32,-6312000000.0,-1707000000.0,-8019000000.0,-0.2008,0.6936,APA
2014-09-30 00:00:00,12729000000.0,260000000.0,12469000000.0,,3249000000.0,2262000000.0,,,,2262000000.0,2209000000.0,53000000.0,-415000000.0,-1.15,0.9796,0.1777,0.1777,-0.0326,0.1523,8664000000.0,2262000000.0,-0.79,-0.35,-0.2612,-0.32,-0.86,53000000.0,-117000000.0,-64000000.0,0.6807,0.7074,APA
2014-06-30 00:00:00,13188000000.0,274000000.0,12914000000.0,,3494000000.0,3220000000.0,,,,3220000000.0,1647000000.0,1573000000.0,1215000000.0,3.1,0.9792,0.2442,0.2442,0.0921,0.1745,8882000000.0,3220000000.0,3.36,-0.25,3.7629,-0.23,3.3,1573000000.0,-90000000.0,1483000000.0,0.6735,0.689,APA
2014-03-31 00:00:00,14167000000.0,285000000.0,13882000000.0,,3721000000.0,3957000000.0,,,,3957000000.0,1904000000.0,2053000000.0,1726000000.0,4.38,0.9799,0.2793,0.2793,0.1218,0.0224,9717000000.0,3957000000.0,4.73,-0.39,4.811,-0.38,4.73,2053000000.0,-148000000.0,1905000000.0,0.6859,0.6711,APA
2013-12-31 00:00:00,14438000000.0,288000000.0,14150000000.0,,3903000000.0,3908000000.0,,,,3908000000.0,1928000000.0,1980000000.0,2188000000.0,5.56,0.9801,0.2707,0.2707,0.1515,0.0406,9774000000.0,3908000000.0,4.74,0.76,5.7924,0.78,4.75,1980000000.0,308000000.0,2288000000.0,0.677,0.6812,APA
2013-09-30 00:00:00,15991000000.0,291000000.0,15700000000.0,,4136000000.0,5273000000.0,,,,5273000000.0,2369000000.0,2904000000.0,2663000000.0,6.78,0.9818,0.3297,0.3297,0.1665,-0.0752,11110000000.0,5273000000.0,7.0417,,6.9346,,7.0843,2904000000.0,,2726000000.0,0.6948,0.5903,APA
2013-06-30 00:00:00,16270000000.0,296000000.0,15974000000.0,,4160000000.0,5497000000.0,,,,5497000000.0,2848000000.0,2649000000.0,2524000000.0,6.44,0.9818,0.3379,0.3379,0.1551,-0.1042,11368000000.0,5497000000.0,6.4297,,6.6281,,6.4647,2649000000.0,,2600000000.0,0.6987,0.5584,APA
2013-03-31 00:00:00,15974000000.0,291000000.0,15683000000.0,,4122000000.0,4660000000.0,,,,4660000000.0,2692000000.0,1968000000.0,1845000000.0,4.72,0.9818,0.2917,0.2917,0.1155,-0.0699,11113000000.0,4660000000.0,4.8025,,4.903,,4.7799,1968000000.0,,1921000000.0,0.6957,0.5708,APA
2012-12-31 00:00:00,16564000000.0,295000000.0,16269000000.0,,4117000000.0,4840000000.0,,,,4840000000.0,2853000000.0,1987000000.0,1925000000.0,4.96,0.9822,0.2922,0.2922,0.1162,-0.0563,11721000000.0,4840000000.0,4.89,,5.144,,4.91,1987000000.0,,2001000000.0,0.7076,0.5134,APA
