Date,Revenue,Cost of Revenue,Gross Profit,R&D Expenses,SG&A Expenses,Operating Income,Interest Expense (Operating),Non-operating Income/Expense,Non-operating Interest Expenses,EBT,Income Tax Provision,Income after Tax,Net Income Common,EPS (Basic),Gross Margin,EBIT Margin,EBT margin,Net Profit Margin,Free Cash Flow Margin,EBITDA,EBIT,"EPS (Diluted, from Cont. Ops)","EPS (Diluted, from Disc. Ops)","EPS (Basic, Consolidated)","EPS (Basic, from Discontinued Ops)","EPS (Basic, from Continuous Ops)",Income from Continuous Operations,Income from Discontinued Operations,Consolidated Net Income/Loss,EBITDA Margin,Operating Cash Flow Margin,Ticker
2022-09-30 00:00:00,12699000000.0,9336000000.0,3363000000.0,103000000.0,900600000.0,2338799800.0,124000000.0,34000000.0,128000000.0,2755000000.0,501000000.0,2253900000.0,2256000000.0,10.14,0.2648,0.1842,0.2169,0.1777,0.0229,3697000000.0,2338799800.0,10.08,0.38,10.2094,0.38,10.11,2253900000.0,72600000.0,2254000000.0,0.2911,0.2497,APD
2022-06-30 00:00:00,11969000000.0,8721000000.0,3249000000.0,98000000.0,878700000.0,2328999800.0,123000000.0,106000000.0,128900000.0,2736000000.0,495000000.0,2240499900.0,2232000000.0,10.26,0.2715,0.1946,0.2286,0.1865,0.0271,3609000000.0,2328999800.0,10.03,,10.3308,,10.07,2240500000.0,,2241000000.0,0.3015,0.2539,APD
2022-03-31 00:00:00,11384700000.0,8182900000.0,3202799900.0,96200000.0,875100000.0,2278699900.0,126000000.0,130700000.0,131800000.0,2640800000.0,462700000.0,2177499900.0,2183600000.0,10.05,0.2813,0.2002,0.232,0.1918,0.0385,3577800000.0,2278699900.0,9.77,,10.0883,,9.82,2177500000.0,,2186300000.0,0.3143,0.2688,APD
2021-12-31 00:00:00,10941700000.0,7777400000.0,3165299900.0,93300000.0,858400000.0,2265299800.0,130000000.0,155200000.0,135600000.0,2579800000.0,461600000.0,2117799900.0,2125700000.0,9.8,0.2893,0.207,0.2358,0.1943,0.0839,3576600000.0,2265299800.0,9.52,,9.8233,,9.56,2117800000.0,70300000.0,2126400000.0,0.3269,0.3058,APD
2021-09-30 00:00:00,10321900000.0,7185800000.0,3137099800.0,93800000.0,828300000.0,2281400000.0,136000000.0,175400000.0,141800000.0,2507100000.0,462500000.0,2044599900.0,2047700000.0,9.46,0.3039,0.221,0.2429,0.1984,0.088,3592400000.0,2281400000.0,9.12,0.26,9.5438,0.26,9.16,2044600000.0,56000000.0,2063100000.0,0.348,0.3231,APD
2021-06-30 00:00:00,9802000000.0,6746300000.0,3055699500.0,94900000.0,821900000.0,2224899800.0,143000000.0,184800000.0,147600000.0,2409700000.0,437400000.0,1972300100.0,1975500000.0,8.92,0.3117,0.227,0.2458,0.2015,0.1515,3524099800.0,2224900000.0,8.8,0.0245,8.9858,0.0246,8.83,1972300000.0,47400000.0,1990800000.0,0.3595,0.3836,APD
2021-03-31 00:00:00,9262500000.0,6289300000.0,2973199500.0,91600000.0,785500000.0,2186999600.0,140000000.0,163300000.0,144100000.0,2350300000.0,445000000.0,1905300100.0,1888400000.0,8.53,0.321,0.2361,0.2537,0.2039,0.0893,3441099600.0,2186999800.0,8.45,,8.6502,,8.48,1905300000.0,,1915600000.0,0.3715,0.3894,APD
2020-12-31 00:00:00,8976800000.0,6003900000.0,2972899600.0,89700000.0,776900000.0,2215699800.0,123000000.0,188800000.0,127300000.0,2404500000.0,471600000.0,1932900100.0,1893100000.0,8.56,0.3312,0.2468,0.2679,0.2109,0.0796,3435199800.0,2215700000.0,8.53,0.1845,8.7142,0.1846,8.57,1932900000.0,38200000.0,1928900000.0,0.3827,0.3757,APD
2020-09-30 00:00:00,8856300000.0,5858100000.0,2998199700.0,83900000.0,775900000.0,2237599900.0,106000000.0,186200000.0,109300000.0,2423800000.0,478400000.0,1945400100.0,1886700000.0,8.53,0.3385,0.2527,0.2737,0.213,0.0944,3422599900.0,2237600100.0,8.55,,8.7301,,8.59,1945400000.0,,1931100000.0,0.3865,0.3686,APD
2020-06-30 00:00:00,8819400000.0,5782400000.0,3037000100.0,79700000.0,762200000.0,2280400300.0,,198500000.0,100200000.0,2479100000.0,509700000.0,1969400000.0,1903100000.0,8.61,0.3444,0.2586,0.2811,0.2158,0.061,3448500400.0,2280400700.0,8.5846,,8.8505,,8.6365,1969400000.0,,1955100000.0,0.391,0.3379,APD
2020-03-31 00:00:00,8978200000.0,5903500000.0,3074700200.0,77900000.0,773800000.0,2310900600.0,,211100000.0,102300000.0,2522200000.0,509700000.0,2012500000.0,1944600000.0,8.8,0.3425,0.2574,0.2809,0.2166,0.116,3457500700.0,2310901000.0,8.7746,0.13,9.0515,0.13,8.8265,2012500000.0,22400100.0,1998200000.0,0.3851,0.3255,APD
2019-12-31 00:00:00,8949600000.0,5918100000.0,3031500100.0,75600000.0,762100000.0,2250200400.0,,159600000.0,118400000.0,2410000000.0,468700000.0,1941300000.0,1888100000.0,8.55,0.3387,0.2514,0.2693,0.211,0.1087,3364200500.0,2250200800.0,8.4646,,8.8032,,8.5165,1941300000.0,,1941300000.0,0.3759,0.3332,APD
2019-09-30 00:00:00,8918900000.0,5975500000.0,2943400100.0,72900000.0,750000000.0,2144200300.0,,145100000.0,137000000.0,2289500000.0,480100000.0,1809400000.0,1760000000.0,7.98,0.33,0.2404,0.2567,0.1973,0.1111,3227000400.0,2144200700.0,7.94,,8.2135,,7.99,1809400000.0,,1809400000.0,0.3618,0.333,APD
2019-06-30 00:00:00,8934600000.0,6050500000.0,2884099900.0,70400000.0,754099900.0,2074900400.0,,93600000.0,142300000.0,2168500000.0,418100000.0,1750400000.0,1709700000.0,7.76,0.3228,0.2322,0.2427,0.1914,0.0872,3121300400.0,2074900500.0,7.7654,,7.9575,,7.8135,1750400000.0,,1750400000.0,0.3493,0.3016,APD
2019-03-31 00:00:00,8969600000.0,6129900000.0,2839699900.0,67300000.0,754199900.0,2021000300.0,,89800000.0,143000000.0,2110800000.0,415900000.0,1694900000.0,1695600000.0,7.71,0.3166,0.2253,0.2353,0.189,0.0876,3043900300.0,2021000400.0,7.5154,,7.9128,,7.5635,1694900000.0,,1738100000.0,0.3394,0.304,APD
2018-12-31 00:00:00,8937600000.0,6161700000.0,2775899900.0,64900000.0,758799900.0,1959900300.0,,89700000.0,138000000.0,2049600000.0,364600000.0,1685000000.0,1690700000.0,7.7,0.3106,0.2193,0.2293,0.1892,0.1081,2960700300.0,1959900400.0,7.5054,,7.8748,,7.5535,1685000000.0,,1728200000.0,0.3313,0.2956,APD
2018-09-30 00:00:00,8930200000.0,6189500000.0,2740699900.0,64500000.0,760799900.0,1965600400.0,,49400000.0,130500000.0,2015000000.0,524300000.0,1490700000.0,1497800000.0,6.83,0.3069,0.2201,0.2256,0.1677,0.1151,2936300400.0,1965600500.0,6.59,0.16,6.99,0.16,6.64,1490700000.0,,1532900000.0,0.3288,0.2852,APD
2018-06-30 00:00:00,8834400000.0,6168700000.0,2665700100.0,57300000.0,761900000.0,1889299800.0,,76000000.0,125900000.0,1965300000.0,453800000.0,1511499900.0,1513600000.0,6.92,0.3017,0.2139,0.2225,0.1713,0.1639,2833799800.0,1889300100.0,6.69,0.1555,7.0649,0.1554,6.73,1511499900.0,34400100.0,1548199900.0,0.3208,0.3137,APD
2018-03-31 00:00:00,8697300000.0,6109300000.0,2588000000.0,56900000.0,757400000.0,1632199900.0,,-23000000.0,120800000.0,1609200000.0,436000000.0,1173199900.0,1141600000.0,5.23,0.2976,0.1877,0.185,0.1313,0.202,2547999900.0,1632200200.0,5.21,,5.3194,,5.25,1173199900.0,,1164399900.0,0.293,0.3189,APD
2017-12-31 00:00:00,8521700000.0,6006600000.0,2515099900.0,57200000.0,740400000.0,1572399800.0,,-38400000.0,120900000.0,1534000000.0,474300000.0,1059699900.0,2855200000.0,13.11,0.2951,0.1845,0.18,0.3351,0.1759,2459999700.0,1572400100.0,4.71,8.2655,13.19,8.3354,4.75,1059699900.0,1816800100.0,2876499900.0,0.2887,0.295,APD
2017-09-30 00:00:00,8187600000.0,5751500000.0,2436099900.0,57600000.0,713500000.0,1439999700.0,,-23900000.0,120600000.0,1416100000.0,260900000.0,1155199900.0,3000400000.0,13.78,0.2975,0.1759,0.173,0.3665,0.187,2305799600.0,1440000000.0,5.16,8.49,13.8587,8.56,5.2,1155199900.0,1866000100.0,3021199900.0,0.2816,0.3088,APD
2017-06-30 00:00:00,7930000000.0,5554700000.0,2375300200.0,62400000.0,700100000.0,1379000400.0,,-50900000.0,122000000.0,1328100000.0,359000000.0,969100000.0,2925700000.0,13.44,0.2995,0.1739,0.1675,0.3689,0.1712,2226300300.0,1379000400.0,4.33,9.0,13.5383,9.09,4.37,969100000.0,1978000000.0,2947100000.0,0.2807,0.2963,APD
2017-03-31 00:00:00,7722600000.0,5388900000.0,2333700300.0,66500000.0,684400000.0,1514900400.0,,19100000.0,127300000.0,1534000000.0,415600000.0,1118400000.0,3170600000.0,14.57,0.3022,0.1962,0.1986,0.4106,0.166,2358800300.0,1514900400.0,5.01,9.45,14.6958,9.54,5.05,1118400000.0,2078700000.0,3197100000.0,0.3054,0.2888,APD
2016-12-31 00:00:00,7519900000.0,5198100000.0,2321800400.0,69900000.0,674600000.0,1490900600.0,,16700000.0,122500000.0,1507600000.0,414600000.0,1093000000.0,567300000.0,2.6,0.3088,0.1983,0.2005,0.0754,0.2078,2336900600.0,1490900600.0,4.9,-2.31,2.7404,-2.32,4.94,1093000000.0,-497100000.0,595900000.0,0.3108,0.3239,APD
2016-09-30 00:00:00,7503700000.0,5177300000.0,2326400400.0,71800000.0,683800000.0,1535100600.0,,19500000.0,115200000.0,1554600000.0,432600000.0,1122000000.0,631100000.0,2.9,0.31,0.2046,0.2072,0.0841,0.186,2389700600.0,1535100600.0,5.04,-2.15,3.0568,-2.16,5.08,1122000000.0,-460500000.0,661500000.0,0.3185,0.301,APD
2016-06-30 00:00:00,5936999600.0,4182900300.0,1754099300.0,25600000.0,543100000.0,1140199700.0,,19800000.0,105100000.0,1160000000.0,337700000.0,822300000.0,581600000.0,2.69,0.2955,0.192,0.1954,0.098,0.1793,1938999700.0,1140200000.0,3.6318,-1.02,2.8302,-1.03,3.6644,822300000.0,-211700000.0,610600000.0,0.3266,0.3191,APD
2016-03-31 00:00:00,6492699600.0,4577900300.0,1914799300.0,40300000.0,616200000.0,1170399600.0,,27000000.0,98200000.0,1197400000.0,295900000.0,901500000.0,553600000.0,2.57,0.2949,0.1803,0.1844,0.0853,0.1581,1988699600.0,1170399900.0,3.9618,-1.47,2.7437,-1.48,3.9944,901500000.0,-311800000.0,589700000.0,0.3063,0.3003,APD
2015-12-31 00:00:00,7129799600.0,5063100300.0,2066699300.0,57900000.0,688700000.0,1175699400.0,,30000000.0,95900000.0,1205700000.0,290100000.0,915600000.0,1316900000.0,6.11,0.2899,0.1649,0.1691,0.1847,0.1509,2013399400.0,1175699700.0,4.0218,1.97,6.2794,1.99,4.0644,915600000.0,436500000.0,1352100000.0,0.2824,0.2746,APD
2015-09-30 00:00:00,7824299600.0,5598200300.0,2226099300.0,76400000.0,773000000.0,1233199400.0,,32900000.0,102800000.0,1266100000.0,300200000.0,965900000.0,1277900000.0,5.95,0.2845,0.1576,0.1618,0.1633,0.1201,2091699400.0,1233199700.0,4.29,1.57,6.1312,1.58,4.34,965900000.0,345700000.0,1317600000.0,0.2673,0.2616,APD
2015-06-30 00:00:00,10122500000.0,7172100000.0,2950399900.0,143900000.0,978399900.0,1386699700.0,,48500000.0,109700000.0,1435200100.0,379000000.0,1056200000.0,1037400000.0,4.84,0.2915,0.137,0.1418,0.1025,0.1246,2343099700.0,1386699700.0,4.8782,-0.03,4.8704,-0.04,4.9456,1056200000.0,-6500000.0,1046600000.0,0.2315,0.2253,APD
2015-03-31 00:00:00,10286900000.0,7375600000.0,2911300000.0,144300000.0,1008899900.0,1375699700.0,,46100000.0,112800000.0,1421800100.0,377000000.0,1044800000.0,1032600000.0,4.83,0.283,0.1337,0.1382,0.1004,0.0981,2338099700.0,1375699700.0,4.8582,-0.09,4.8416,-0.1,4.9256,1044800000.0,-17900000.0,1036900000.0,0.2273,0.2092,APD
2014-12-31 00:00:00,10454300000.0,7595000000.0,2859299900.0,141700000.0,1031999900.0,1383499800.0,,35400000.0,120900000.0,1418900100.0,381400000.0,1037500000.0,1026100000.0,4.81,0.2735,0.1323,0.1357,0.0982,0.0723,2341699700.0,1383499800.0,4.8382,,4.8324,,4.8956,1037500000.0,,1031500000.0,0.224,0.2038,APD
2014-09-30 00:00:00,10439000000.0,7629900000.0,2809099900.0,139800000.0,1054699900.0,1339099700.0,,26300000.0,125100000.0,1365400100.0,369400000.0,996000000.0,991700000.0,4.66,0.2691,0.1283,0.1308,0.095,0.0836,2295999600.0,1339099700.0,4.62,-0.08,4.669,-0.09,4.68,996000000.0,-15400000.0,993100000.0,0.2199,0.2098,APD
2014-06-30 00:00:00,10348500000.0,7585100000.0,2763400500.0,135100000.0,1076500000.0,1363299600.0,,22600000.0,131500000.0,1385900000.0,314500000.0,1071400000.0,1024800100.0,4.82,0.267,0.1317,0.1339,0.099,0.0458,2298199500.0,1363299400.0,4.82,,4.9975,,4.87,1071400000.0,,1061400000.0,0.2221,0.2016,APD
2014-03-31 00:00:00,10261200000.0,7541900000.0,2719300400.0,134800000.0,1075800000.0,1332599700.0,,19600000.0,135600000.0,1352200000.0,306500000.0,1045700000.0,999200100.0,4.73,0.265,0.1299,0.1318,0.0974,0.0407,2258199600.0,1332599500.0,4.72,,4.903,,4.78,1045700000.0,,1036300000.0,0.2201,0.1929,APD
2013-12-31 00:00:00,10163500000.0,7437900000.0,2725600500.0,133900000.0,1079000000.0,1337599700.0,,25300000.0,139300000.0,1362900000.0,310200000.0,1052700000.0,1006100100.0,4.79,0.2682,0.1316,0.1341,0.099,0.0313,2260299700.0,1337599500.0,4.77,-0.05,4.9682,-0.05,4.83,1052700000.0,-8300000.0,1044400000.0,0.2224,0.1792,APD
2013-09-30 00:00:00,10180400000.0,7472100000.0,2708300400.0,133700000.0,1066300000.0,1324399700.0,,26000000.0,141800000.0,1350400000.0,307900000.0,1042500000.0,994200100.0,4.75,0.266,0.1301,0.1326,0.0977,0.008,2231399700.0,1324399500.0,4.73,-0.05,4.9236,-0.05,4.79,1042500000.0,-10000000.0,1032500000.0,0.2192,0.1526,APD
2013-06-30 00:00:00,10199700000.0,7512200000.0,2687500200.0,135100000.0,1054200000.0,1303100400.0,,19600000.0,145300000.0,1322700000.0,299900000.0,1022799900.0,995800000.0,4.76,0.2635,0.1278,0.1297,0.0976,0.0163,2197800400.0,1303100500.0,4.67,0.02,4.9014,0.03,4.73,1022799900.0,4700000.0,1027500000.0,0.2155,0.1541,APD
2013-03-31 00:00:00,9992500000.0,7327500000.0,2665000200.0,134100000.0,1013300000.0,1402800300.0,,26500000.0,135900000.0,1429300000.0,339100000.0,1090199900.0,1191900000.0,5.67,0.2667,0.1404,0.143,0.1193,0.0185,2280000400.0,1402800400.0,4.97,0.62,5.805,0.63,5.04,1090199900.0,131400000.0,1221600000.0,0.2282,0.1633,APD
2012-12-31 00:00:00,9852600000.0,7229700000.0,2622900200.0,131600000.0,984000000.0,1301000200.0,,28000000.0,130100000.0,1329000000.0,252100000.0,1076899900.0,1197500000.0,5.68,0.2662,0.132,0.1349,0.1215,0.0224,2157300300.0,1301000300.0,4.9,0.69,5.7989,0.7,4.98,1076899900.0,147300000.0,1224200000.0,0.219,0.2074,APD
