Date,Revenue,Cost of Revenue,Gross Profit,SG&A Expenses,Operating Income,Non-operating Income/Expense,Non-operating Interest Expenses,Income (Other),EBT,Income after Tax,Share of Subsidiary Earnings,Net Income Common,EPS (Basic),Gross Margin,EBIT Margin,EBT margin,Net Profit Margin,Free Cash Flow Margin,EBITDA,EBIT,"EPS (Diluted, from Cont. Ops)","EPS (Diluted, from Disc. Ops)","EPS (Basic, Consolidated)","EPS (Basic, from Discontinued Ops)","EPS (Basic, from Continuous Ops)",Income from Continuous Operations,Income from Discontinued Operations,Consolidated Net Income/Loss,EBITDA Margin,Operating Cash Flow Margin,Ticker
2022-09-30 00:00:00,2495604000.0,754518000.0,1741085900.0,175940000.0,588225900.0,-365759000.0,111543000.0,453048000.0,373165000.0,19453000.0,6888000.0,262107000.0,3.29,0.6977,0.2357,0.1495,0.105,-2.0811,1507283000.0,588226000.0,2.9022,,4.2166,,2.9097,463789000.0,,395100000.0,0.604,0.4579,ARE
2022-06-30 00:00:00,2383511000.0,719324000.0,1664186900.0,163913000.0,567440900.0,-361922000.0,124237000.0,,177866000.0,81526000.0,,21932000.0,1.85,0.6982,0.2381,0.0746,0.0092,-2.4817,1451144900.0,567441000.0,1.3497,1.3468,2.668,1.3468,1.3611,204779000.0,224275000.0,137464000.0,0.6088,0.4567,ARE
2022-03-31 00:00:00,2249366000.0,666995000.0,1582370900.0,158396000.0,543167900.0,-98451000.0,135138000.0,,273004000.0,390883000.0,10626000.0,133215000.0,2.79,0.7035,0.2415,0.1214,0.0592,-3.1176,1377229900.0,543168000.0,3.5297,,3.5253,,3.5455,514136000.0,,235536000.0,0.6123,0.4398,ARE
2021-12-31 00:00:00,2114150000.0,623555000.0,1490594900.0,151461000.0,518072900.0,63473000.0,142165000.0,281852000.0,679372000.0,527712000.0,,560731000.0,3.79,0.7051,0.2451,0.3213,0.2652,-3.1844,1293753900.0,518073000.0,4.4371,,4.4533,,4.4533,654282000.0,,650301000.0,0.6119,0.4778,ARE
2021-09-30 00:00:00,2000947000.0,584605000.0,1416342000.0,142497000.0,514288100.0,390352000.0,144841000.0,156433000.0,884868000.0,850806000.0,7290000.0,925959000.0,6.58,0.7078,0.257,0.4422,0.4628,-2.4402,1230315100.0,514288000.0,7.3249,,7.3656,,7.3454,1008840000.0,,1009736000.0,0.6149,0.4669,ARE
2021-06-30 00:00:00,1998230000.0,559053000.0,1439177000.0,141479000.0,572152100.0,247312000.0,152481000.0,,819464000.0,819464000.0,,904021000.0,6.55,0.7202,0.2863,0.4101,0.4524,-2.5027,1253192100.0,572152000.0,7.2652,,7.3077,,7.2875,980206000.0,,982985000.0,0.6272,0.4708,ARE
2021-03-31 00:00:00,1925567000.0,539009000.0,1386558000.0,135374000.0,547663100.0,110842000.0,162337000.0,157342000.0,658505000.0,658505000.0,8976000.0,750058000.0,5.76,0.7201,0.2844,0.342,0.3895,-2.0747,1205613100.0,547663000.0,6.4527,0.0352,6.4926,0.0352,6.4724,819247000.0,9884000.0,822026000.0,0.6261,0.4691,ARE
2020-12-31 00:00:00,1885637000.0,530224000.0,1355413000.0,133341000.0,523968100.0,149114000.0,171609000.0,154833000.0,673082000.0,673082000.0,,760791000.0,5.86,0.7188,0.2779,0.357,0.4035,-1.3582,1171767100.0,523968000.0,6.5393,,6.5593,,6.5593,827171000.0,,827171000.0,0.6214,0.468,ARE
2020-09-30 00:00:00,1830031000.0,515309000.0,1314722100.0,130433000.0,523417100.0,61098000.0,179564000.0,,584515100.0,584515100.0,8390000.0,523606000.0,4.35,0.7184,0.286,0.3194,0.2861,-1.8794,1137959100.0,523417000.0,4.8683,,4.8863,,4.8863,586091100.0,,586091000.0,0.6218,0.4848,ARE
2020-06-30 00:00:00,1675473000.0,491316000.0,1184157100.0,121450000.0,443096100.0,14981000.0,182449000.0,,458077100.0,458077100.0,,394507000.0,3.27,0.7068,0.2645,0.2734,0.2355,-1.81,1023851100.0,443096000.0,3.7859,,3.7982,,3.7982,454289100.0,,454289000.0,0.6111,0.4591,ARE
2020-03-31 00:00:00,1612373000.0,473094000.0,1139279100.0,116109000.0,437149100.0,-135454000.0,180314000.0,,301695100.0,301695100.0,5874000.0,244237000.0,2.13,0.7066,0.2711,0.1871,0.1515,-1.9391,989796100.0,437149000.0,2.6107,,2.6216,,2.6216,297907100.0,,297907000.0,0.6139,0.458,ARE
2019-12-31 00:00:00,1531296000.0,445492000.0,1085804100.0,108823000.0,432369100.0,-28796000.0,173675000.0,,403573100.0,403573100.0,10136000.0,350995000.0,3.1,0.7091,0.2824,0.2636,0.2292,-1.9491,952496100.0,432369000.0,3.5908,,3.601,,3.601,404047100.0,,404047000.0,0.622,0.4466,ARE
2019-09-30 00:00:00,1463645000.0,421322000.0,1042323000.0,101426000.0,411813000.0,-209348000.0,168421000.0,,202465000.0,202465000.0,46077000.0,120795000.0,1.05,0.7121,0.2814,0.1383,0.0825,-1.2854,920355000.0,411813000.0,1.5041,,1.4863,,1.4863,169363000.0,,169363000.0,0.6288,0.4522,ARE
2019-06-30 00:00:00,1414984000.0,404631000.0,1010353000.0,96156000.0,401083000.0,16026000.0,164462000.0,,417109000.0,417109000.0,44216000.0,379508000.0,3.5,0.714,0.2835,0.2948,0.2682,-1.0574,895365000.0,401083000.0,3.9067,,3.913,,3.913,424725000.0,,424725000.0,0.6328,0.4385,ARE
2019-03-31 00:00:00,1366162000.0,390850000.0,975312000.0,92661000.0,385122000.0,4265000.0,159680000.0,,389387000.0,389387000.0,44098000.0,355194000.0,3.33,0.7139,0.2819,0.285,0.26,-1.1096,867064000.0,385122000.0,3.717,,3.725,,3.725,398093000.0,,398093000.0,0.6347,0.4232,ARE
2018-12-31 00:00:00,1327459000.0,381120000.0,946339000.0,90405000.0,378273000.0,15816000.0,157495000.0,,394089000.0,394089000.0,,363983000.0,3.55,0.7129,0.285,0.2969,0.2742,-1.0349,841861000.0,378273000.0,3.8984,,3.9102,,3.9102,402793000.0,,402793000.0,0.6342,0.4296,ARE
2018-09-30 00:00:00,1285787100.0,371511000.0,914276100.0,86930000.0,366961100.0,72168000.0,153338000.0,,439129000.0,439129000.0,57052000.0,430174000.0,4.24,0.7111,0.2854,0.3415,0.3346,-1.0916,814618100.0,366961000.0,4.5619,,4.596,,4.596,467031000.0,,467031000.0,0.6336,0.3949,ARE
2018-06-30 00:00:00,1229334100.0,355221000.0,874113100.0,81906000.0,343634100.0,-37700000.0,142125000.0,,305934000.0,305934000.0,16923000.0,272507000.0,2.78,0.711,0.2795,0.2489,0.2217,-1.0371,780222100.0,343634000.0,3.1186,,3.1335,,3.1335,307218000.0,,307218000.0,0.6347,0.3948,ARE
2018-03-31 00:00:00,1177359100.0,340293000.0,837066100.0,78201000.0,325046100.0,-37773000.0,135776000.0,,287273000.0,287273000.0,16194000.0,252121000.0,2.62,0.711,0.2761,0.244,0.2141,-0.9835,747305100.0,325046000.0,2.9825,,2.9992,,2.9979,288056000.0,,288167000.0,0.6347,0.401,ARE
2017-12-31 00:00:00,1128097100.0,325609000.0,802488100.0,75009000.0,310696100.0,-116873000.0,128645000.0,,193823000.0,193823000.0,,145395000.0,1.58,0.7114,0.2754,0.1718,0.1289,-0.9777,717061100.0,310696000.0,2.1083,,2.1215,,2.1202,194093000.0,,194204000.0,0.6356,0.3997,ARE
2017-09-30 00:00:00,1078468000.0,310780000.0,767688000.0,73557000.0,289840100.0,-140721000.0,123786000.0,,149119100.0,149119100.0,15323000.0,83437000.0,0.88,0.7118,0.2688,0.1383,0.0774,-1.4813,685807100.0,289840100.0,1.9276,,1.9331,,1.9318,168278000.0,,168389000.0,0.6359,0.4255,ARE
2017-06-30 00:00:00,1023477000.0,299313000.0,724164000.0,71775000.0,278753100.0,-146884000.0,118605000.0,,131869100.0,131869100.0,826000.0,37616000.0,0.4,0.7076,0.2724,0.1288,0.0368,-1.5246,648532100.0,278753100.0,1.6572,,1.6626,,1.6601,137201000.0,,137402000.0,0.6337,0.4349,ARE
2017-03-31 00:00:00,976494000.0,289658000.0,686836000.0,67925000.0,279204100.0,-296247000.0,111882000.0,,-17042900.0,-17042900.0,1178000.0,-121662000.0,-1.67,0.7034,0.2859,-0.0175,-0.1246,-1.3443,619800100.0,279204100.0,-0.2537,,-0.2522,,-0.2534,-12300000.0,,-12210000.0,0.6347,0.409,ARE
2016-12-31 00:00:00,921706000.0,278408000.0,643298000.0,63884000.0,266024100.0,-319628000.0,106953000.0,,-53603900.0,-53603900.0,,-151141000.0,-2.01,0.6979,0.2886,-0.0582,-0.164,-1.1336,585063100.0,266024100.0,-0.6556,,-0.6544,,-0.6556,-49889000.0,,-49799000.0,0.6348,0.4269,ARE
2016-09-30 00:00:00,896499000.0,274077000.0,622422000.0,61528000.0,270481100.0,-310428000.0,103960000.0,,-39947000.0,-39947000.0,1527000.0,-90883000.0,-1.21,0.6943,0.3017,-0.0446,-0.1014,-0.4528,568232000.0,270481000.0,-0.4697,,-0.346,,-0.4661,-26704000.0,,-26614000.0,0.6338,0.4329,ARE
2016-06-30 00:00:00,884730000.0,270921000.0,613809000.0,60817000.0,271759100.0,-300913000.0,105789000.0,,-29154000.0,-29154000.0,,-63676000.0,-0.82,0.6938,0.3072,-0.033,-0.072,-0.4463,557563000.0,271759000.0,-0.3775,,-0.1634,,-0.3775,-15474000.0,,-15474000.0,0.6302,0.4107,ARE
2016-03-31 00:00:00,862810000.0,265846000.0,596964000.0,60422000.0,263307100.0,-145915000.0,107432000.0,,117392000.0,117392000.0,,95263000.0,1.34,0.6919,0.3052,0.1361,0.1104,-0.4339,540936000.0,263307000.0,1.5173,,1.8295,,1.5173,131072000.0,,131072000.0,0.6269,0.3912,ARE
2015-12-31 00:00:00,843474000.0,261232000.0,582242000.0,59621000.0,261332100.0,-129252000.0,105813000.0,,132080000.0,132080000.0,,116867000.0,1.64,0.6903,0.3098,0.1566,0.1386,-0.404,527134000.0,261332000.0,1.63,0.0126,2.0426,0.0126,1.63,146157000.0,,146114000.0,0.625,0.4062,ARE
2015-09-30 00:00:00,808193000.0,249200000.0,558993000.0,58380000.0,253596100.0,-164476000.0,99771000.0,,89120000.0,89120000.0,,65582000.0,0.92,0.6917,0.3138,0.1103,0.0811,-0.3993,505740000.0,253596000.0,0.9,,1.3581,,0.9,89830000.0,,97107000.0,0.6258,0.4029,ARE
2015-06-30 00:00:00,775198000.0,237777000.0,537421000.0,55846000.0,244123100.0,-157877000.0,92647000.0,,86246000.0,86246000.0,,60549000.0,0.85,0.6933,0.3149,0.1113,0.0781,-0.2367,489352000.0,244123000.0,0.83,,1.3078,,0.83,86246000.0,,93351000.0,0.6313,0.4402,ARE
2015-03-31 00:00:00,747444000.0,227880000.0,519564000.0,54693000.0,232276100.0,-148994000.0,83412000.0,,83282000.0,83282000.0,,57190000.0,0.8,0.6951,0.3108,0.1114,0.0765,-0.205,472921000.0,232276000.0,0.78,0.0217,1.2775,0.0217,0.78,83282000.0,7755000.0,91037000.0,0.6327,0.4922,ARE
2014-12-31 00:00:00,726877000.0,219164000.0,507713000.0,53530000.0,230087100.0,-130945000.0,79299000.0,,99142000.0,99142000.0,,72113000.0,1.01,0.6985,0.3165,0.1364,0.0992,-0.2886,462364000.0,230087000.0,0.99,0.02,1.5004,0.02,0.99,99142000.0,7636000.0,106778000.0,0.6361,0.4599,ARE
2014-09-30 00:00:00,707026000.0,212175000.0,494851000.0,52420000.0,228224100.0,-75419000.0,74894000.0,,152805100.0,152805100.0,,124514000.0,1.75,0.6999,0.3228,0.2161,0.1761,-0.3842,450403100.0,228224100.0,1.75,0.0013,2.2131,0.0013,1.75,152805000.0,173000.0,157030000.0,0.637,0.4688,ARE
2014-06-30 00:00:00,679726000.0,202436000.0,477290000.0,51477000.0,221128100.0,-71942000.0,70510000.0,,149186100.0,149186100.0,,121467000.0,1.71,0.7022,0.3253,0.2195,0.1787,-0.5032,433831100.0,221128100.0,1.71,0.0031,2.1659,0.0031,1.71,149186000.0,302000.0,153540000.0,0.6382,0.4606,ARE
2014-03-31 00:00:00,657254000.0,196360000.0,460894000.0,50096000.0,217083100.0,-71047000.0,69055000.0,,146036100.0,146036100.0,,119018000.0,1.7,0.7012,0.3303,0.2222,0.1811,-0.4833,418715100.0,217083100.0,1.7,-0.0023,2.1559,-0.0023,1.7,146036000.0,-99000.0,150761000.0,0.6371,0.5154,ARE
2013-12-31 00:00:00,631151000.0,189039000.0,442112000.0,48520000.0,204469100.0,-69944000.0,67952000.0,,134525100.0,134525100.0,,108751000.0,1.6,0.7005,0.324,0.2131,0.1723,-0.3941,402396100.0,204469100.0,1.59,0.01,2.0613,0.01,1.59,134525000.0,900000.0,140249000.0,0.6376,0.4955,ARE
2013-09-30 00:00:00,612671000.0,185145000.0,427526000.0,48391000.0,191520000.0,-72155000.0,68113000.0,,119365000.0,119365000.0,,93504000.0,1.42,0.6978,0.3126,0.1948,0.1526,-0.3287,389233100.0,191520000.0,1.28,0.0676,1.8897,0.0631,1.36,119365000.0,4697000.0,124834000.0,0.6353,0.5132,ARE
2013-06-30 00:00:00,597206000.0,181664000.0,415542000.0,49195000.0,181014000.0,-71644000.0,69034000.0,,109370000.0,109370000.0,,79571000.0,1.24,0.6958,0.3031,0.1831,0.1332,-0.2449,377799100.0,181014000.0,1.17,-0.0018,1.7255,-0.0063,1.25,109370000.0,544000.0,110686000.0,0.6326,0.5126,ARE
2013-03-31 00:00:00,588869000.0,177489000.0,411380000.0,49038000.0,172612000.0,-74630000.0,70978000.0,,97982000.0,97982000.0,,71704000.0,1.15,0.6986,0.2931,0.1664,0.1218,-0.2894,374999100.0,172612000.0,1.0,0.0745,1.6435,0.07,1.08,97982000.0,5008000.0,102990000.0,0.6368,0.5147,ARE
2012-12-31 00:00:00,574497000.0,172756000.0,401741000.0,47747000.0,168307000.0,-73459000.0,69184000.0,,94848000.0,94848000.0,,67630000.0,1.09,0.6993,0.293,0.1651,0.1177,-0.4343,367455100.0,168307000.0,0.95,0.14,1.6977,0.14,0.95,94848000.0,8816000.0,105528000.0,0.6396,0.5318,ARE
