Date,Revenue,Cost of Revenue,Gross Profit,SG&A Expenses,Operating Income,Non-operating Income/Expense,Non-operating Interest Expenses,EBT,Income Tax Provision,Income after Tax,Net Income Common,EPS (Basic),Gross Margin,EBIT Margin,EBT margin,Net Profit Margin,Free Cash Flow Margin,EBITDA,EBIT,"EPS (Diluted, from Cont. Ops)","EPS (Diluted, from Disc. Ops)","EPS (Basic, Consolidated)","EPS (Basic, from Discontinued Ops)","EPS (Basic, from Continuous Ops)",Income from Continuous Operations,Income from Discontinued Operations,Consolidated Net Income/Loss,EBITDA Margin,Operating Cash Flow Margin,Ticker
2022-09-30 00:00:00,2561966000.0,901023000.0,1623949300.0,69804000.0,508178100.0,12863000.0,,1242834000.0,12262000.0,1230572000.0,1228376000.0,8.78,0.6339,0.1984,0.4851,0.4795,0.214,1355307200.0,508178100.0,8.7932,,8.8169,,8.8169,1230572000.0,,1228257000.0,0.529,0.5355,AVB
2022-06-30 00:00:00,2469039000.0,881388000.0,1559070300.0,72506000.0,444620100.0,24950000.0,227021000.0,823577000.0,8790000.0,814787000.0,813271000.0,5.81,0.6314,0.1801,0.3336,0.3294,0.0223,1277021300.0,444620100.0,5.8239,,5.8404,,5.8404,814787000.0,,813200000.0,0.5172,0.5162,AVB
2022-03-31 00:00:00,2380175000.0,866532000.0,1491110300.0,69680000.0,397720100.0,381922000.0,224328000.0,1133157000.0,8959000.0,1124198000.0,1122780000.0,8.03,0.6265,0.1671,0.4761,0.4717,0.2145,1212253200.0,397720100.0,8.0415,,8.0622,,8.0622,1124198000.0,,1122858000.0,0.5093,0.5112,AVB
2021-12-31 00:00:00,2304796000.0,853942000.0,1440908300.0,69611000.0,371268100.0,433709000.0,220415000.0,1010089000.0,5733000.0,1004356000.0,1003482000.0,7.18,0.6252,0.1611,0.4383,0.4354,0.2055,1165512200.0,371268100.0,7.1884,,7.2054,,7.2054,1004356000.0,,1003539000.0,0.5057,0.522,AVB
2021-09-30 00:00:00,2250017900.0,855415000.0,1393421900.0,66595000.0,343372900.0,679616000.0,216293000.0,1009428000.0,-744000.0,1010172000.0,1010058000.0,7.23,0.6193,0.1526,0.4486,0.4489,0.3927,1117178900.0,343373000.0,7.227,,7.2427,,7.2427,1010172000.0,,1010012000.0,0.4965,0.5197,AVB
2021-06-30 00:00:00,2235466900.0,847222000.0,1388244900.0,63267000.0,380549900.0,695542000.0,213555000.0,1076092000.0,-2950000.0,1079042000.0,1079007000.0,7.72,0.621,0.1702,0.4814,0.4827,0.5306,1134183900.0,380550000.0,7.7134,,7.7301,,7.7301,1079042000.0,,1079042000.0,0.5074,0.5186,AVB
2021-03-31 00:00:00,2250128900.0,832927000.0,1417201900.0,60375000.0,424323900.0,373517000.0,210850000.0,797841000.0,-4093000.0,801934000.0,801882000.0,5.72,0.6298,0.1886,0.3546,0.3564,0.4094,1168208000.0,424324000.0,5.7197,,5.7325,,5.7325,801934000.0,,801934000.0,0.5192,0.5369,AVB
2020-12-31 00:00:00,2301260900.0,823102000.0,1478158900.0,60343000.0,474601900.0,349857000.0,214151000.0,824459000.0,-3247000.0,827706000.0,827630000.0,5.89,0.6423,0.2062,0.3583,0.3596,0.373,1212870000.0,474602000.0,5.8939,,5.9082,,5.9082,827706000.0,,827706000.0,0.527,0.53,AVB
2020-09-30 00:00:00,2339642000.0,800973000.0,1538669000.0,59480000.0,545514000.0,109505000.0,216752000.0,655019000.0,756000.0,654263000.0,654152000.0,4.65,0.6577,0.2332,0.28,0.2796,0.1511,1278182100.0,545514000.0,4.6573,,4.6705,,4.6705,654263000.0,,654263000.0,0.5463,0.5424,AVB
2020-06-30 00:00:00,2359851000.0,785949000.0,1573902000.0,58264000.0,593798000.0,204424000.0,,798222000.0,11967000.0,786255000.0,786126000.0,5.6,0.6669,0.2516,0.3383,0.3331,0.1703,1317695100.0,593798000.0,5.6067,,5.6248,,5.6248,786255000.0,,786255000.0,0.5584,0.5564,AVB
2020-03-31 00:00:00,2360709000.0,782957000.0,1577752000.0,61656000.0,609862000.0,186929000.0,,796791000.0,13100000.0,783691000.0,783579000.0,5.6,0.6683,0.2583,0.3375,0.3319,0.0859,1321776000.0,609862000.0,5.5981,,5.618,,5.618,783691000.0,,783691000.0,0.5599,0.5514,AVB
2019-12-31 00:00:00,2324626000.0,768106000.0,1556520000.0,58042000.0,627722000.0,171384000.0,,799106000.0,13003000.0,786103000.0,785974000.0,5.64,0.6696,0.27,0.3438,0.3381,0.0561,1323858000.0,627722000.0,5.6322,,5.6532,,5.6532,786103000.0,,786103000.0,0.5695,0.5686,AVB
2019-09-30 00:00:00,2309582000.0,768820000.0,1540762000.0,61425000.0,606801000.0,408197000.0,,1014998000.0,10931000.0,1004067000.0,1004058100.0,7.23,0.6671,0.2627,0.4395,0.4347,0.1923,1290360000.0,606801000.0,7.22,,7.2462,,7.2462,1004067000.0,,1004067000.0,0.5587,0.5782,AVB
2019-06-30 00:00:00,2297951000.0,764468000.0,1533483000.0,63400000.0,601935000.0,314606000.0,,916541000.0,-224000.0,916765000.0,916867100.0,6.62,0.6673,0.2619,0.3989,0.399,0.1648,1275112000.0,601935000.0,6.611,,6.6346,,6.6346,916765000.0,,916765000.0,0.5549,0.5716,AVB
2019-03-31 00:00:00,2289927000.0,760187000.0,1529740000.0,59644000.0,601687000.0,401150000.0,,1002837000.0,-166000.0,1003003000.0,1003248100.0,7.25,0.668,0.2628,0.4379,0.4381,0.2899,1267053000.0,601687000.0,7.2471,,7.2715,,7.2715,1003003000.0,,1003003000.0,0.5533,0.5882,AVB
2018-12-31 00:00:00,2284535000.0,766556000.0,1517979000.0,60369000.0,584683000.0,389332000.0,,974015000.0,-121000.0,974175000.0,974525100.0,7.05,0.6645,0.2559,0.4264,0.4266,0.2709,1245799000.0,584683000.0,7.0445,,7.0673,,7.0673,974175000.0,,974175000.0,0.5453,0.5695,AVB
2018-09-30 00:00:00,2261303000.0,754234000.0,1507069000.0,59271000.0,593052100.0,233100000.0,,826152000.0,150000.0,826026100.0,823901000.0,5.98,0.6665,0.2623,0.3653,0.3643,0.1889,1251584100.0,593052000.0,5.9748,,5.9944,,5.9944,826026100.0,,826025900.0,0.5535,0.5762,AVB
2018-06-30 00:00:00,2235821000.0,748055000.0,1487766000.0,56182000.0,596154100.0,275785000.0,,871939000.0,179000.0,871818100.0,869663000.0,6.32,0.6654,0.2666,0.39,0.389,0.0906,1241590100.0,596154000.0,6.306,,6.3283,,6.3283,871818100.0,,871817900.0,0.5553,0.5841,AVB
2018-03-31 00:00:00,2197094000.0,737478000.0,1459616000.0,54920000.0,567952100.0,214638000.0,,782590000.0,,782469100.0,780226000.0,5.68,0.6643,0.2585,0.3562,0.3551,0.0234,1195133100.0,567952000.0,5.66,,5.6823,,5.6823,782469100.0,,782468900.0,0.544,0.5791,AVB
2017-12-31 00:00:00,2158628000.0,722299000.0,1436329000.0,53695000.0,570615100.0,306186000.0,,876801000.0,141000.0,876660100.0,874458000.0,6.37,0.6654,0.2643,0.4062,0.4051,0.1126,1174427100.0,570615000.0,6.3495,,6.3747,,6.3747,876660100.0,,876659900.0,0.5441,0.582,AVB
2017-09-30 00:00:00,2121577000.0,712959000.0,1408618000.0,49236000.0,563443000.0,318226000.0,,881668900.0,312000.0,881356900.0,881583000.0,6.41,0.6639,0.2656,0.4156,0.4155,0.1527,1144223000.0,563443100.0,6.3936,,6.4187,,6.4187,881356900.0,,881357000.0,0.5393,0.5813,AVB
2017-06-30 00:00:00,2087288000.0,702798000.0,1384490000.0,49509000.0,549158000.0,450639000.0,,999796900.0,310000.0,999486900.0,999727000.0,7.28,0.6633,0.2631,0.479,0.479,0.2219,1111048000.0,549158100.0,7.2628,,7.29,,7.29,999486900.0,,999487000.0,0.5323,0.5666,AVB
2017-03-31 00:00:00,2059083000.0,692555000.0,1366528000.0,47573000.0,566458000.0,465442000.0,,1031899900.0,288000.0,1031611900.0,1031946000.0,7.52,0.6637,0.2751,0.5011,0.5012,0.1557,1115706000.0,566458100.0,7.5029,,7.5304,,7.5304,1031611900.0,,1031612000.0,0.5418,0.5742,AVB
2016-12-31 00:00:00,2045255000.0,683274000.0,1361981000.0,45771000.0,580269000.0,453744000.0,,1034012900.0,305000.0,1033707900.0,1034002000.0,7.53,0.6659,0.2837,0.5056,0.5056,0.0126,1115580000.0,580269100.0,7.52,,7.5492,,7.5492,1033707900.0,,1033708000.0,0.5454,0.5673,AVB
2016-09-30 00:00:00,2007858000.0,672069000.0,1335789000.0,46850000.0,582451900.0,364655000.0,,947107000.0,231000.0,946876100.0,947195000.0,6.9,0.6653,0.2901,0.4717,0.4717,-0.0151,1100150900.0,582451900.0,6.8832,,6.91,,6.91,946876100.0,,946876000.0,0.5479,0.5683,AVB
2016-06-30 00:00:00,1967007000.0,661013000.0,1305994000.0,45386000.0,589702900.0,207168000.0,,796871000.0,248000.0,796623100.0,796945000.0,5.84,0.6639,0.2998,0.4051,0.4052,-0.048,1095815900.0,589702900.0,5.8216,,5.8507,,5.8507,796623100.0,,796623000.0,0.5571,0.5775,AVB
2016-03-31 00:00:00,1922159000.0,648985000.0,1273174000.0,43710000.0,585364900.0,187697000.0,,773062000.0,1505000.0,771557100.0,771825000.0,5.7,0.6624,0.3045,0.4022,0.4015,-0.0702,1075531900.0,585364900.0,5.6802,,5.7148,,5.7148,771557100.0,,771557000.0,0.5595,0.5806,AVB
2015-12-31 00:00:00,1856028000.0,642246000.0,1213782000.0,42774000.0,537383900.0,205832000.0,,743216000.0,1483000.0,741733100.0,742038000.0,5.54,0.654,0.2895,0.4004,0.3998,-0.1446,1013237900.0,537383900.0,5.5109,,5.5533,,5.5533,741733100.0,,741733000.0,0.5459,0.579,AVB
2015-09-30 00:00:00,1815841000.0,636580000.0,1179260900.0,41946000.0,514522900.0,225104000.0,,739627000.0,,728912000.0,729252000.0,5.49,0.6494,0.2834,0.4073,0.4016,-0.2035,978299900.0,514523000.0,5.4663,,5.508,,5.5044,728912000.0,,728912000.0,0.5388,0.5725,AVB
2015-06-30 00:00:00,1771006000.0,620717000.0,1150288900.0,42772000.0,473928900.0,300584000.0,,774513000.0,,763837000.0,764210000.0,5.78,0.6495,0.2676,0.4373,0.4315,-0.2654,925696900.0,473929000.0,5.7665,,5.8014,,5.7927,763837000.0,,763837000.0,0.5227,0.5471,AVB
2015-03-31 00:00:00,1727353000.0,606233000.0,1121119900.0,42657000.0,444469900.0,328694000.0,,773164000.0,,763781000.0,749972000.0,5.7,0.649,0.2573,0.4476,0.4342,-0.2191,883669900.0,444470000.0,5.6822,,5.8223,,5.7075,763781000.0,,763781000.0,0.5116,0.5226,AVB
2014-12-31 00:00:00,1685061000.0,589306000.0,1095754900.0,41425000.0,434334900.0,234181000.0,,668516000.0,,659148000.0,683567000.0,5.22,0.6503,0.2578,0.3967,0.4057,-0.0935,862365900.0,434335000.0,4.92,,5.34,,4.93,659148000.0,,697327000.0,0.5118,0.5262,AVB
2014-09-30 00:00:00,1638574000.0,576105000.0,1062469000.0,39057000.0,355208100.0,249619000.0,,604827100.0,,604827100.0,793136000.0,6.09,0.6484,0.2168,0.3691,0.484,0.1176,776781100.0,355208200.0,4.5374,,6.2115,,4.5474,604827000.0,,806887000.0,0.4741,0.5467,AVB
2014-06-30 00:00:00,1597238000.0,564938000.0,1032300000.0,37645000.0,225591100.0,122287000.0,,347878100.0,,347878100.0,541321000.0,4.18,0.6463,0.1412,0.2178,0.3389,0.1009,695854100.0,225591200.0,2.5874,,4.2922,,2.5974,347878000.0,,555001000.0,0.4357,0.5427,AVB
2014-03-31 00:00:00,1561639000.0,550316000.0,1011323000.0,38770000.0,123083100.0,52932000.0,,176015100.0,,176015100.0,419453000.0,3.24,0.6476,0.0788,0.1127,0.2686,0.0253,672183100.0,123083200.0,1.38,1.86,3.2455,1.86,1.38,176015000.0,242886000.0,418901000.0,0.4304,0.5528,AVB
2013-12-31 00:00:00,1462921000.0,511019000.0,951902000.0,39573000.0,68741100.0,-10914000.0,,57827100.0,,57827100.0,353141000.0,2.78,0.6507,0.047,0.0395,0.2414,-0.3471,621169100.0,68741200.0,0.46,2.32,2.7809,2.32,0.46,57827000.0,294944000.0,352771000.0,0.4246,0.4951,AVB
2013-09-30 00:00:00,1309582000.0,456119000.0,853463000.0,38965000.0,70732000.0,-44651000.0,,26081000.0,,26081000.0,223288000.0,2.02,0.6517,0.054,0.0199,0.1705,-0.7933,581487000.0,70732000.0,0.3026,1.73,2.0271,1.73,0.3026,26081000.0,196985000.0,223066000.0,0.444,0.4853,AVB
2013-06-30 00:00:00,1181714000.0,410024000.0,771690000.0,37459000.0,153208000.0,-28772000.0,,124436000.0,,124436000.0,320847000.0,2.99,0.653,0.1296,0.1053,0.2715,-0.899,571304000.0,153208000.0,1.2726,1.73,3.0052,1.73,1.2726,124436000.0,196262000.0,320698000.0,0.4835,0.4955,AVB
2013-03-31 00:00:00,1055952000.0,372427000.0,683525000.0,34430000.0,208609000.0,-26620000.0,,181989000.0,,181989000.0,441538000.0,4.35,0.6473,0.1976,0.1723,0.4181,-0.85,508447000.0,208609000.0,1.87,2.48,4.3712,2.48,1.88,181989000.0,259433000.0,441422000.0,0.4815,0.4895,AVB
2012-12-31 00:00:00,1000627000.0,356905000.0,643722000.0,34101000.0,216492000.0,33939000.0,,250431000.0,,250431000.0,423869000.0,4.33,0.6433,0.2164,0.2503,0.4236,-0.3966,475306000.0,216492000.0,2.55,1.77,4.3479,1.77,2.57,250431000.0,173131000.0,423562000.0,0.475,0.5405,AVB
