Date,Revenue,Cost of Revenue,Gross Profit,SG&A Expenses,Operating Income,Interest Expense (Operating),Non-operating Income/Expense,Non-operating Interest Expenses,Investment Gain/Loss (Other),EBT,Income Tax Provision,Income after Tax,Net Income Common,EPS (Basic),Gross Margin,EBIT Margin,EBT margin,Net Profit Margin,Free Cash Flow Margin,EBITDA,EBIT,"EPS (Diluted, from Cont. Ops)","EPS (Diluted, from Disc. Ops)","EPS (Basic, Consolidated)","EPS (Basic, from Discontinued Ops)","EPS (Basic, from Continuous Ops)",Income from Continuous Operations,Income from Discontinued Operations,Consolidated Net Income/Loss,EBITDA Margin,Operating Cash Flow Margin,Ticker
2022-09-30 00:00:00,9196000000.0,6708000000.0,2489000000.0,1350800000.0,1151100700.0,82000000.0,54000000.0,81600000.0,,1075000000.0,257000000.0,817300000.0,818000000.0,9.89,0.2707,0.1252,0.1169,0.089,0.0623,1427000000.0,1151100100.0,9.886,,9.9712,,9.9712,816900000.0,,818000000.0,0.1552,0.0978,AVY
2022-06-30 00:00:00,8951000000.0,6527000000.0,2424000000.0,1317000000.0,1100300500.0,79000000.0,68000000.0,78400000.0,,1026000000.0,265000000.0,761000000.0,760000000.0,9.15,0.2708,0.1229,0.1146,0.0849,0.0746,1386000000.0,1100299900.0,9.1421,,9.2229,,9.2229,759500000.0,,760000000.0,0.1548,0.1077,AVY
2022-03-31 00:00:00,8706000000.0,6348700000.0,2356300000.0,1291300000.0,1062800500.0,74000000.0,47400000.0,73600000.0,,993300000.0,262400000.0,731400000.0,728800000.0,8.73,0.2707,0.1221,0.1141,0.0837,0.0763,1327100000.0,1062799900.0,8.7227,,8.8119,,8.8119,728800000.0,,728800000.0,0.1524,0.1107,AVY
2021-12-31 00:00:00,8408300000.0,6095000000.0,2312300000.0,1248600000.0,1058700300.0,70000000.0,25500000.0,70200000.0,-3900000.0,992200000.0,248500000.0,744000000.0,740300000.0,8.84,0.275,0.1259,0.118,0.088,0.0923,1307299900.0,1058699700.0,8.8317,,8.9277,,8.9277,740100000.0,,740300000.0,0.1555,0.1245,AVY
2021-09-30 00:00:00,8216200000.0,5916800000.0,2298399700.0,1218100000.0,1068199700.0,66000000.0,-18200000.0,65800000.0,-4400000.0,1003500000.0,250400000.0,753300000.0,748800000.0,8.93,0.2797,0.13,0.1221,0.0911,0.1009,1310799700.0,1068199700.0,8.9224,,9.0115,,9.0115,748900000.0,,748800000.0,0.1595,0.1305,AVY
2021-06-30 00:00:00,7873300000.0,5644700000.0,2228599700.0,1179400000.0,1040199700.0,64000000.0,-62900000.0,63400000.0,-4300000.0,977300000.0,237700000.0,739600000.0,735300000.0,8.76,0.2831,0.1321,0.1241,0.0934,0.1042,1257299700.0,1040199700.0,8.7535,,8.8344,,8.8344,735300000.0,,735300000.0,0.1597,0.1326,AVY
2021-03-31 00:00:00,7299800000.0,5264600000.0,2035199700.0,1091800000.0,893799700.0,68000000.0,-68500000.0,67400000.0,-4600000.0,825300000.0,189500000.0,635800000.0,631200000.0,7.52,0.2788,0.1224,0.1131,0.0865,0.104,1105999700.0,893799700.0,7.5113,,7.5755,,7.5755,631200000.0,,631200000.0,0.1515,0.131,AVY
2020-12-31 00:00:00,6971500000.0,5048200000.0,1923299700.0,1060500000.0,809199800.0,71000000.0,-71900000.0,70000000.0,-3700000.0,737300000.0,177700000.0,559600000.0,555900000.0,6.62,0.2759,0.1161,0.1058,0.0797,0.0777,1014499800.0,809199800.0,6.61,,6.6654,,6.6654,555900000.0,,555900000.0,0.1455,0.1078,AVY
2020-09-30 00:00:00,6753500000.0,4916600000.0,1836900300.0,1031800000.0,716300000.0,73000000.0,-69000000.0,72200000.0,-3400000.0,647300000.0,117000000.0,530300000.0,526900000.0,6.26,0.272,0.1061,0.0958,0.078,0.0769,911700000.0,716300100.0,6.2626,,6.3034,,6.3034,526900000.0,,526900000.0,0.135,0.1068,AVY
2020-06-30 00:00:00,6785800000.0,4961400000.0,1824400400.0,1038800000.0,702500100.0,,-73100000.0,75600000.0,-3100000.0,629400000.0,105300000.0,524100000.0,521000000.0,6.18,0.2689,0.1035,0.0928,0.0768,0.0667,889900100.0,702500200.0,6.1761,,6.2224,,6.2224,521000000.0,,521000000.0,0.1311,0.1019,AVY
2020-03-31 00:00:00,7053000000.0,5129200000.0,1923800300.0,1085100000.0,788100000.0,,-73300000.0,75100000.0,-2100000.0,714800000.0,128000000.0,586800000.0,584700000.0,6.93,0.2728,0.1117,0.1013,0.0829,0.0662,970099900.0,788100100.0,6.9101,,6.9679,,6.9679,584700000.0,,584700000.0,0.1375,0.1014,AVY
2019-12-31 00:00:00,7070100000.0,5166000000.0,1904100300.0,1080400000.0,770500000.0,,-521000000.0,75800000.0,-2600000.0,249500000.0,-56700000.0,306200000.0,303600000.0,3.59,0.2693,0.109,0.0353,0.0429,0.0703,949499900.0,770500100.0,3.5718,,3.6143,,3.6143,303600000.0,,303600000.0,0.1343,0.1056,AVY
2019-09-30 00:00:00,7065900000.0,5175000000.0,1890899900.0,1081800000.0,784399900.0,,-612400000.0,74300000.0,-2200000.0,172000000.0,-68400000.0,240400000.0,238200000.0,2.78,0.2676,0.111,0.0243,0.0337,0.0682,962799800.0,784400200.0,2.7624,,2.811,,2.811,238200000.0,,238200000.0,0.1363,0.1043,AVY
2019-06-30 00:00:00,7064200000.0,5185800000.0,1878399800.0,1087000000.0,776399800.0,,-616300000.0,70000000.0,-2300000.0,160100000.0,-85300000.0,245400000.0,243100000.0,2.76,0.2659,0.1099,0.0227,0.0344,0.0338,957499600.0,776400100.0,2.7465,,2.8021,,2.8021,243100000.0,,243100000.0,0.1355,0.069,AVY
2019-03-31 00:00:00,7122700000.0,5225200000.0,1897499800.0,1108800000.0,724099800.0,,-612800000.0,64800000.0,-2300000.0,111300000.0,-86300000.0,197600000.0,195300000.0,2.13,0.2664,0.1017,0.0156,0.0274,0.0317,905099700.0,724100100.0,2.1356,,2.1886,,2.1886,195300000.0,,195300000.0,0.1271,0.067,AVY
2018-12-31 00:00:00,7159000000.0,5243500000.0,1915499800.0,1127500000.0,718099800.0,,-163300000.0,58500000.0,-2000000.0,554800000.0,85400000.0,469400000.0,467400000.0,5.27,0.2676,0.1003,0.0775,0.0653,0.0294,899099700.0,718100100.0,5.2755,,5.3539,,5.3539,467400000.0,,467400000.0,0.1256,0.064,AVY
2018-09-30 00:00:00,7125600000.0,5216000000.0,1909599600.0,1134100000.0,699600300.0,,-75300000.0,55500000.0,,624300000.0,311800000.0,312500000.0,310700000.0,3.5,0.268,0.0982,0.0876,0.0436,0.0295,879500200.0,699600000.0,3.4923,,3.5524,,3.5524,310700000.0,,310700000.0,0.1234,0.0622,AVY
2018-06-30 00:00:00,7045400000.0,5143400000.0,1901999600.0,1137100000.0,675200200.0,,-72100000.0,57600000.0,,603100000.0,332600000.0,270500000.0,269500000.0,3.01,0.27,0.0958,0.0856,0.0383,0.0648,852400200.0,675199900.0,3.0077,,3.0664,,3.0664,269500000.0,,269500000.0,0.121,0.0965,AVY
2018-03-31 00:00:00,6818100000.0,4964900000.0,1853199700.0,1120400000.0,690000300.0,,-77300000.0,59500000.0,,612700000.0,317300000.0,295400000.0,294800000.0,3.28,0.2718,0.1012,0.0899,0.0432,0.0629,868600300.0,690000000.0,3.2783,,3.3449,,3.3449,294800000.0,,294800000.0,0.1274,0.095,AVY
2017-12-31 00:00:00,6613800000.0,4801600000.0,1812199700.0,1105200000.0,670500300.0,,-81000000.0,63000000.0,,589500000.0,307700000.0,281800000.0,281800000.0,3.13,0.274,0.1014,0.0891,0.0426,0.0644,849200300.0,670500000.0,3.1277,,3.1914,,3.1914,281800000.0,,281800000.0,0.1284,0.0976,AVY
2017-09-30 00:00:00,6429300000.0,4657300000.0,1772000000.0,1092099900.0,689000000.0,,-130500000.0,64200000.0,,558500000.0,155100000.0,403400000.0,403400000.0,4.48,0.2756,0.1072,0.0869,0.0627,0.0612,868400000.0,689000100.0,4.483,,4.561,,4.561,403400000.0,,403400000.0,0.1351,0.0943,AVY
2017-06-30 00:00:00,6258500000.0,4520500000.0,1738000000.0,1088899900.0,664400200.0,,-124700000.0,62100000.0,,539700000.0,155500000.0,384200000.0,384200000.0,4.26,0.2777,0.1062,0.0862,0.0614,0.0522,845900200.0,664400300.0,4.2617,,4.3345,,4.3345,384200000.0,,384200000.0,0.1352,0.0866,AVY
2017-03-31 00:00:00,6173100000.0,4453600000.0,1719500000.0,1087299900.0,607500200.0,,-118000000.0,61300000.0,,489500000.0,146200000.0,343300000.0,343300000.0,3.8,0.2785,0.0984,0.0793,0.0556,0.0638,787900100.0,607500300.0,3.7989,,3.8663,,3.8663,343300000.0,,343300000.0,0.1276,0.0976,AVY
2016-12-31 00:00:00,6086500000.0,4386800000.0,1699700000.0,1085699900.0,590200100.0,,-113100000.0,59900000.0,,477100000.0,156400000.0,320700000.0,320700000.0,3.53,0.2793,0.097,0.0784,0.0527,0.0631,770300000.0,590200200.0,3.5357,,3.5993,,3.5993,320700000.0,,320700000.0,0.1266,0.0956,AVY
2016-09-30 00:00:00,5990500000.0,4323900000.0,1666599800.0,1084000000.0,502899600.0,,-60600000.0,60600000.0,,442300000.0,127100000.0,315200000.0,315700000.0,3.46,0.2782,0.0839,0.0738,0.0527,0.0647,683899500.0,502899800.0,3.4608,,3.5294,,3.5165,315200000.0,,315700000.0,0.1142,0.093,AVY
2016-06-30 00:00:00,5949900000.0,4295000000.0,1654899800.0,1081800000.0,490999500.0,,-60600000.0,60600000.0,,430400000.0,123000000.0,307400000.0,308300000.0,3.36,0.2781,0.0825,0.0723,0.0518,0.062,671999500.0,490999700.0,3.3474,,3.4223,,3.4065,307400000.0,,308300000.0,0.1129,0.0873,AVY
2016-03-31 00:00:00,5924400000.0,4286000000.0,1638399800.0,1085900000.0,492899600.0,,-60500000.0,60500000.0,,432400000.0,140300000.0,292100000.0,292000000.0,3.16,0.2766,0.0832,0.073,0.0493,0.0533,676199700.0,492899800.0,3.1554,,3.2229,,3.2186,292100000.0,,292000000.0,0.1141,0.0781,AVY
2015-12-31 00:00:00,5966900000.0,4321100000.0,1645799800.0,1108100000.0,469399600.0,,-60500000.0,60500000.0,,408900000.0,134500000.0,274400000.0,274300000.0,2.95,0.2758,0.0787,0.0685,0.046,0.0553,657699700.0,469399800.0,2.95,0.013,3.0143,0.0006,3.01,274400000.0,700000.0,274300000.0,0.1102,0.0794,AVY
2015-09-30 00:00:00,6116900000.0,4448300000.0,1668599600.0,1128600000.0,476399800.0,,-62200000.0,62200000.0,,414200000.0,125900000.0,288300000.0,288500000.0,3.09,0.2728,0.0779,0.0677,0.0472,0.048,672299900.0,476399800.0,3.0881,0.0041,3.164,-0.0114,3.1736,288300000.0,-500000.0,288500000.0,0.1099,0.0714,AVY
2015-06-30 00:00:00,6208400000.0,4545000000.0,1663399600.0,1138900000.0,460099700.0,,-62900000.0,62900000.0,,397200000.0,129300000.0,267900000.0,267000000.0,2.89,0.2679,0.0741,0.064,0.043,0.0594,658999700.0,460099700.0,2.8581,-0.0259,2.9163,-0.0358,2.9336,267900000.0,-2800000.0,267000000.0,0.1061,0.083,AVY
2015-03-31 00:00:00,6308200000.0,4634200000.0,1673999700.0,1162600000.0,436199700.0,,-63200000.0,63200000.0,,373000000.0,125400000.0,247600000.0,245800000.0,2.65,0.2654,0.0691,0.0591,0.039,0.0508,637099700.0,436199700.0,2.6281,,2.6656,,2.6936,247600000.0,,245800000.0,0.101,0.0741,AVY
2014-12-31 00:00:00,6330300000.0,4679100000.0,1651199700.0,1158900000.0,424099600.0,,-63300000.0,63300000.0,,360800000.0,113500000.0,247300000.0,245100000.0,2.61,0.2608,0.067,0.057,0.0387,0.0291,625699600.0,424099600.0,2.58,-0.02,2.6129,-0.03,2.64,247300000.0,-2200000.0,245100000.0,0.0988,0.0561,AVY
2014-09-30 00:00:00,6309400000.0,4657000000.0,1652400300.0,1166199900.0,428899800.0,,-64300000.0,64300000.0,,364600000.0,145600000.0,219000000.0,214000000.0,2.28,0.2619,0.068,0.0578,0.0339,0.0389,626299800.0,428899400.0,2.26,-0.0541,2.2553,-0.0517,2.31,219000000.0,-5000000.0,214000000.0,0.0993,0.0672,AVY
2014-06-30 00:00:00,6254700000.0,4600800000.0,1653900400.0,1173499900.0,405200100.0,,-64900000.0,64900000.0,,340300000.0,120200000.0,220100000.0,200300000.0,1.97,0.2644,0.0648,0.0544,0.032,0.0172,605900100.0,405199700.0,2.24,-0.1941,2.0851,-0.2042,2.29,220100000.0,-19800000.0,200300000.0,0.0969,0.0452,AVY
2014-03-31 00:00:00,6191200000.0,4548000000.0,1643200300.0,1169999900.0,436800000.0,,-64100000.0,64100000.0,,372700000.0,126200000.0,246500000.0,226600000.0,2.21,0.2654,0.0706,0.0602,0.0366,0.0187,639900100.0,436799600.0,2.48,-0.1941,2.3301,-0.2042,2.53,246500000.0,-19900000.0,226600000.0,0.1034,0.0448,AVY
2013-12-31 00:00:00,6140000000.0,4502300000.0,1637700400.0,1174199900.0,426900300.0,,-60900000.0,60900000.0,,366000000.0,124300000.0,241700000.0,213200000.0,2.05,0.2667,0.0695,0.0596,0.0347,0.0288,631500300.0,426899900.0,2.41,-0.28,2.1666,-0.29,2.46,241700000.0,-28500000.0,213200000.0,0.1029,0.0521,AVY
2013-09-30 00:00:00,6039200000.0,4435800000.0,1603400600.0,1168800000.0,373600900.0,,-61000000.0,61000000.0,,312600000.0,85000000.0,227600000.0,222100000.0,2.1,0.2655,0.0619,0.0518,0.0368,0.0415,585800900.0,373600700.0,2.26,-0.06,2.2317,-0.08,2.3,227600000.0,-5500000.0,222100000.0,0.097,0.0654,AVY
2013-06-30 00:00:00,5981300000.0,4399100000.0,1582200500.0,1169700000.0,355300700.0,,-63000000.0,63000000.0,,292300000.0,90800000.0,201500000.0,233900000.0,2.3,0.2645,0.0594,0.0489,0.0391,0.0629,568600700.0,355300500.0,1.99,0.31,2.3334,0.3,2.03,201500000.0,32400000.0,233900000.0,0.0951,0.0868,AVY
2013-03-31 00:00:00,5919400000.0,4366600000.0,1552800500.0,1160900000.0,323200800.0,,-66800000.0,66800000.0,,256400000.0,76600000.0,179800000.0,229300000.0,2.24,0.2623,0.0546,0.0433,0.0387,0.049,535900700.0,323200600.0,1.76,0.48,2.2615,0.47,1.79,179800000.0,49500000.0,229300000.0,0.0905,0.0738,AVY
2012-12-31 00:00:00,5863500000.0,4335300000.0,1528200400.0,1148900000.0,310500700.0,,-72900000.0,72900000.0,,237600000.0,80000000.0,157600000.0,215400000.0,2.08,0.2606,0.053,0.0405,0.0367,0.0613,531100700.0,310500500.0,1.52,0.56,2.0994,0.56,1.54,157600000.0,57800000.0,215400000.0,0.0906,0.0876,AVY
