Date,Revenue,Cost of Revenue,Gross Profit,SG&A Expenses,Operating Income,Interest Expense (Operating),Non-operating Income/Expense,Non-operating Interest Expenses,EBT,Income Tax Provision,Income after Tax,Net Income Common,EPS (Basic),Gross Margin,EBIT Margin,EBT margin,Net Profit Margin,Free Cash Flow Margin,EBITDA,EBIT,"EPS (Diluted, from Cont. Ops)","EPS (Diluted, from Disc. Ops)","EPS (Basic, Consolidated)","EPS (Basic, from Discontinued Ops)","EPS (Basic, from Continuous Ops)",Income from Continuous Operations,Income from Discontinued Operations,Consolidated Net Income/Loss,EBITDA Margin,Operating Cash Flow Margin,Ticker
2022-09-30 00:00:00,3812000000.0,2292000000.0,1520000000.0,1935000000.0,1232000000.0,420000000.0,869000000.0,43000000.0,1724000000.0,406000000.0,1318000000.0,1318000000.0,7.24,0.3987,0.3232,0.4523,0.3458,0.0262,1877000000.0,1232000000.0,7.2418,,7.2377,,7.2377,1318000000.0,,1318000000.0,0.4924,0.3085,AWK
2022-06-30 00:00:00,3822000000.0,2309000000.0,1513000000.0,1970000000.0,1210000000.0,410000000.0,868000000.0,130000000.0,1697000000.0,398000000.0,1299000000.0,1299000000.0,7.14,0.3959,0.3166,0.444,0.3399,0.0497,1852000000.0,1210000000.0,7.1374,,7.1333,,7.1333,1299000000.0,,1299000000.0,0.4846,0.2923,AWK
2022-03-31 00:00:00,3884000000.0,2359000000.0,2114000000.0,2034000000.0,1213000000.0,405000000.0,752000000.0,219000000.0,1678000000.0,390000000.0,1288000000.0,1288000000.0,7.08,0.5443,0.3123,0.432,0.3316,0.1674,1850000000.0,1213000000.0,7.077,,7.0729,,7.0729,1288000000.0,,1288000000.0,0.4763,0.3646,AWK
2021-12-31 00:00:00,3930000000.0,2413000000.0,2682000000.0,2098000000.0,1196000000.0,403000000.0,644000000.0,304000000.0,1640000000.0,377000000.0,1263000000.0,1263000000.0,6.94,0.6824,0.3043,0.4173,0.3214,0.0379,1832000000.0,1196000000.0,6.9397,,6.9396,,6.9396,1263000000.0,,1263000000.0,0.4662,0.3667,AWK
2021-09-30 00:00:00,3902000000.0,2344000000.0,3305000000.0,2034000000.0,1239000000.0,399000000.0,-211000000.0,401000000.0,927000000.0,164000000.0,763000000.0,763000000.0,4.2,0.847,0.3175,0.2376,0.1955,-0.063,1868000000.0,1239000000.0,4.1833,,4.2008,,4.2008,763000000.0,,763000000.0,0.4787,0.376,AWK
2021-06-30 00:00:00,3889000000.0,2320000000.0,3889000000.0,2012000000.0,1255000000.0,397000000.0,-316000000.0,399000000.0,939000000.0,190000000.0,749000000.0,749000000.0,4.13,1.0,0.3227,0.2415,0.1926,-0.0743,1877000000.0,1255000000.0,4.1063,,4.1319,,4.1319,749000000.0,,749000000.0,0.4826,0.3638,AWK
2021-03-31 00:00:00,3821000000.0,2274000000.0,3821000000.0,1967000000.0,1238000000.0,397000000.0,-318000000.0,399000000.0,920000000.0,202000000.0,718000000.0,718000000.0,3.96,1.0,0.324,0.2408,0.1879,-0.0866,1854000000.0,1238000000.0,3.9413,,3.9669,,3.9669,718000000.0,,718000000.0,0.4852,0.3729,AWK
2020-12-31 00:00:00,3777000000.0,2226000000.0,3777000000.0,1925000000.0,1248000000.0,395000000.0,-324000000.0,397000000.0,924000000.0,215000000.0,709000000.0,709000000.0,3.92,1.0,0.3304,0.2446,0.1877,-0.1043,1852000000.0,1248000000.0,3.8956,,3.9172,,3.9172,709000000.0,,709000000.0,0.4903,0.3775,AWK
2020-09-30 00:00:00,3756000000.0,2208000000.0,3756000000.0,1901000000.0,1253000000.0,394000000.0,-374000000.0,398000000.0,879000000.0,217000000.0,662000000.0,662000000.0,3.66,1.0,0.3336,0.234,0.1763,-0.1049,1856000000.0,1253000000.0,3.6494,,3.6575,,3.6575,662000000.0,,662000000.0,0.4941,0.3797,AWK
2020-06-30 00:00:00,3690000000.0,,3690000000.0,1872000000.0,1226000000.0,,-381000000.0,396000000.0,845000000.0,207000000.0,638000000.0,638000000.0,3.53,1.0,0.3322,0.229,0.1729,-0.0932,1819000000.0,1226000000.0,3.5249,,3.5249,,3.5249,638000000.0,,638000000.0,0.493,0.3886,AWK
2020-03-31 00:00:00,3641000000.0,,3641000000.0,1850000000.0,1215000000.0,,-375000000.0,389000000.0,840000000.0,208000000.0,632000000.0,632000000.0,3.5,1.0,0.3337,0.2307,0.1736,-0.084,1798000000.0,1215000000.0,3.4917,,3.4917,,3.4917,632000000.0,,632000000.0,0.4938,0.3831,AWK
2019-12-31 00:00:00,3610000000.0,,3610000000.0,1824000000.0,1214000000.0,,-381000000.0,386000000.0,833000000.0,212000000.0,621000000.0,621000000.0,3.43,1.0,0.3363,0.2307,0.172,-0.0618,1796000000.0,1214000000.0,3.4309,,3.4309,,3.4309,621000000.0,,621000000.0,0.4975,0.3831,AWK
2019-09-30 00:00:00,3558000000.0,,3558000000.0,1802000000.0,1194000000.0,,-327000000.0,375000000.0,867000000.0,232000000.0,635000000.0,635000000.0,3.51,1.0,0.3356,0.2437,0.1785,-0.0582,1765000000.0,1194000000.0,3.5091,,3.5058,,3.5058,635000000.0,,635000000.0,0.4961,0.3763,AWK
2019-06-30 00:00:00,3521000000.0,,3521000000.0,1800000000.0,1123000000.0,,-319000000.0,367000000.0,804000000.0,224000000.0,580000000.0,582000000.0,3.22,1.0,0.3189,0.2283,0.1653,-0.0494,1691000000.0,1123000000.0,3.2052,,3.2019,,3.2019,580000000.0,,580000000.0,0.4803,0.3809,AWK
2019-03-31 00:00:00,3492000000.0,,3492000000.0,1773000000.0,1123000000.0,,-324000000.0,359000000.0,799000000.0,227000000.0,572000000.0,574000000.0,3.18,1.0,0.3216,0.2288,0.1644,-0.0484,1683000000.0,1123000000.0,3.171,,3.1677,,3.1677,572000000.0,,572000000.0,0.482,0.3823,AWK
2018-12-31 00:00:00,3440000000.0,,3440000000.0,1756000000.0,1102000000.0,,-315000000.0,350000000.0,787000000.0,222000000.0,565000000.0,567000000.0,3.16,1.0,0.3203,0.2288,0.1648,-0.048,1647000000.0,1102000000.0,3.1389,,3.1389,,3.1389,565000000.0,,565000000.0,0.4788,0.4029,AWK
2018-09-30 00:00:00,3411000000.0,,3411000000.0,1728000000.0,1135000000.0,,-317000000.0,342000000.0,818000000.0,366000000.0,452000000.0,454000000.0,2.53,1.0,0.3327,0.2398,0.1331,-0.0428,1653000000.0,1135000000.0,2.5137,,2.517,,2.517,452000000.0,,452000000.0,0.4846,0.4166,AWK
2018-06-30 00:00:00,3371000000.0,,3371000000.0,1650000000.0,1232000000.0,,-329000000.0,342000000.0,903000000.0,433000000.0,470000000.0,470000000.0,2.63,1.0,0.3655,0.2679,0.1394,-0.0306,1737000000.0,1232000000.0,2.6257,,2.6353,,2.6353,470000000.0,,470000000.0,0.5153,0.4301,AWK
2018-03-31 00:00:00,3362000000.0,,3362000000.0,1643000000.0,1240000000.0,,-333000000.0,341000000.0,907000000.0,468000000.0,439000000.0,439000000.0,2.47,1.0,0.3688,0.2698,0.1306,-0.0345,1737000000.0,1240000000.0,2.4525,,2.4663,,2.4663,439000000.0,,439000000.0,0.5167,0.4137,AWK
2017-12-31 00:00:00,3357000000.0,,3357000000.0,1628000000.0,1253000000.0,,-341000000.0,342000000.0,912000000.0,486000000.0,426000000.0,426000000.0,2.39,1.0,0.3732,0.2717,0.1269,0.0089,1745000000.0,1253000000.0,2.3799,,2.3933,,2.3933,426000000.0,,426000000.0,0.5198,0.4316,AWK
2017-09-30 00:00:00,3338000000.0,,3338000000.0,1626000000.0,1225000000.0,,-348000000.0,342000000.0,877000000.0,349000000.0,528000000.0,528000000.0,2.97,1.0,0.367,0.2627,0.1582,0.009,1723000000.0,1225000000.0,2.9408,,2.9663,,2.9663,528000000.0,,528000000.0,0.5162,0.4086,AWK
2017-06-30 00:00:00,3332000000.0,,3332000000.0,1740000000.0,1112000000.0,,-332000000.0,334000000.0,780000000.0,307000000.0,473000000.0,473000000.0,2.66,1.0,0.3337,0.2341,0.142,-0.0084,1601000000.0,1112000000.0,2.6382,,2.6574,,2.6574,473000000.0,,473000000.0,0.4805,0.3833,AWK
2017-03-31 00:00:00,3315000000.0,,3315000000.0,1745000000.0,1101000000.0,,-322000000.0,330000000.0,779000000.0,300000000.0,479000000.0,479000000.0,2.69,1.0,0.3321,0.235,0.1445,0.0051,1579000000.0,1101000000.0,2.6761,,2.6911,,2.6911,479000000.0,,479000000.0,0.4763,0.394,AWK
2016-12-31 00:00:00,3302000000.0,,3302000000.0,1757000000.0,1085000000.0,,-315000000.0,325000000.0,770000000.0,302000000.0,468000000.0,468000000.0,2.63,1.0,0.3286,0.2332,0.1417,-0.0039,1555000000.0,1085000000.0,2.6146,,2.6293,,2.6293,468000000.0,,468000000.0,0.4709,0.3904,AWK
2016-09-30 00:00:00,3283000000.0,,3283000000.0,1765000000.0,1064000000.0,,-302000000.0,322000000.0,762000000.0,296000000.0,466000000.0,466000000.0,2.61,1.0,0.3241,0.2321,0.1419,-0.0024,1527000000.0,1064000000.0,2.6093,,2.6188,,2.6188,466000000.0,,466000000.0,0.4651,0.3911,AWK
2016-06-30 00:00:00,3249000000.0,,3249000000.0,1692000000.0,1106000000.0,,-300000000.0,318000000.0,806000000.0,314000000.0,492000000.0,492000000.0,2.75,1.0,0.3404,0.2481,0.1514,0.0114,1561000000.0,1106000000.0,2.7445,,2.7594,,2.7594,492000000.0,,492000000.0,0.4805,0.4041,AWK
2016-03-31 00:00:00,3204000000.0,,3204000000.0,1673000000.0,1085000000.0,,-300000000.0,313000000.0,785000000.0,307000000.0,478000000.0,478000000.0,2.67,1.0,0.3386,0.245,0.1492,0.0137,1534000000.0,1085000000.0,2.6581,,2.673,,2.673,478000000.0,,478000000.0,0.4788,0.3923,AWK
2015-12-31 00:00:00,3159000000.0,,3159000000.0,1647000000.0,1075000000.0,,-293000000.0,308000000.0,782000000.0,306000000.0,476000000.0,476000000.0,2.66,1.0,0.3403,0.2475,0.1507,0.0127,1515000000.0,1075000000.0,2.6444,,2.6592,,2.6592,476000000.0,,476000000.0,0.4796,0.3783,AWK
2015-09-30 00:00:00,3107050000.0,,3107050000.0,1611347000.0,1066486000.0,,-293154000.0,304327000.0,773332000.0,302227000.0,471105000.0,470393000.0,2.63,1.0,0.3432,0.2489,0.1514,0.016,1498436000.0,1066486000.0,2.6144,,2.6226,,2.6223,471105000.0,,470393000.0,0.4823,0.3581,AWK
2015-06-30 00:00:00,3057219000.0,,3057219000.0,1589502000.0,1042771000.0,,-292626000.0,302772000.0,750145000.0,296432000.0,453713000.0,448578000.0,2.51,1.0,0.3411,0.2454,0.1467,0.0162,1470831000.0,1042771000.0,2.5177,,2.5007,,2.5202,453713000.0,,448578000.0,0.4811,0.3482,AWK
2015-03-31 00:00:00,3029997000.0,,3029997000.0,1588153000.0,1019558000.0,,-290910000.0,300440000.0,728648000.0,287761000.0,440887000.0,434877000.0,2.43,1.0,0.3365,0.2405,0.1435,0.0249,1444829000.0,1019558000.0,2.4444,,2.4285,,2.4569,440887000.0,,434877000.0,0.4768,0.3466,AWK
2014-12-31 00:00:00,3011000000.0,,3011000000.0,1586000000.0,1003000000.0,,-293000000.0,299000000.0,710000000.0,280000000.0,430000000.0,423000000.0,2.36,1.0,0.3331,0.2358,0.1405,0.0515,1427000000.0,1003000000.0,2.39,-0.04,2.3632,-0.04,2.4,430000000.0,-7000000.0,423000000.0,0.4739,0.3643,AWK
2014-09-30 00:00:00,2976358000.0,,2976358000.0,1556417000.0,998228100.0,,-334373000.0,297413000.0,663855000.0,265775000.0,398080000.0,389036000.0,2.17,1.0,0.3354,0.223,0.1307,0.0228,1422402000.0,998227900.0,2.211,-0.03,2.1745,-0.03,2.2251,398080000.0,-9044000.0,389036000.0,0.4779,0.352,AWK
2014-06-30 00:00:00,2952379000.0,,2952379000.0,1550023000.0,984109100.0,,-335784000.0,299357000.0,648325000.0,256944000.0,391381000.0,387516000.0,2.17,1.0,0.3333,0.2196,0.1313,0.0358,1402785000.0,984108900.0,2.181,-0.0083,2.1709,-0.0083,2.1951,391381000.0,-3865000.0,387516000.0,0.4751,0.3578,AWK
2014-03-31 00:00:00,2921866000.0,,2921866000.0,1536498000.0,971209100.0,,-337668000.0,303446000.0,633541000.0,251071000.0,382470000.0,379480000.0,2.13,1.0,0.3324,0.2168,0.1299,0.0112,1384289000.0,971208900.0,2.137,-0.01,2.1296,-0.01,2.1449,382470000.0,-1088000.0,379480000.0,0.4738,0.3393,AWK
2013-12-31 00:00:00,2879000000.0,,2879000000.0,1523000000.0,948000100.0,,-340000000.0,308000000.0,608000000.0,237000000.0,371000000.0,369000000.0,2.07,1.0,0.3293,0.2112,0.1282,-0.0288,1355000000.0,947999900.0,2.07,,2.0731,,2.08,371000000.0,-397000.0,369000000.0,0.4706,0.3112,AWK
2013-09-30 00:00:00,2840542100.0,,2840542100.0,1541523000.0,895380100.0,,-297112000.0,308054000.0,598268000.0,235877000.0,362391000.0,365049000.0,2.05,1.0,0.3152,0.2106,0.1285,-0.0005,1296589100.0,895380100.0,2.019,-0.05,2.0557,-0.05,2.0449,362391000.0,-7278000.0,365049000.0,0.4565,0.3201,AWK
2013-06-30 00:00:00,2850167100.0,,2850167100.0,1553749000.0,899854100.0,,-294845000.0,307281000.0,605009000.0,238416000.0,366593000.0,368196000.0,2.07,1.0,0.3157,0.2123,0.1292,0.0172,1295670100.0,899854100.0,2.049,,2.08,,2.0749,366593000.0,,368196000.0,0.4546,0.3259,AWK
2013-03-31 00:00:00,2871509100.0,,2871509100.0,1555482000.0,928599100.0,,-294044000.0,309254000.0,634555000.0,252562000.0,381993000.0,373959000.0,2.11,1.0,0.3234,0.221,0.1302,0.0521,1316129100.0,928599100.0,2.143,,2.1172,,2.1651,381993000.0,,373959000.0,0.4583,0.3333,AWK
2012-12-31 00:00:00,2853926100.0,,2853926100.0,1550258000.0,924104100.0,,-293715000.0,310794000.0,630389000.0,256787000.0,373602000.0,358070000.0,2.03,1.0,0.3238,0.2209,0.1255,0.2063,1304089100.0,924104100.0,2.1,-0.09,2.0295,-0.09,2.12,373602000.0,-15532000.0,358070000.0,0.4569,0.3348,AWK
