Date,Revenue,Cost of Revenue,Gross Profit,SG&A Expenses,Operating Income,Interest Expense (Operating),Non-operating Income/Expense,Non-operating Interest Expenses,EBT,Income Tax Provision,Income after Tax,Share of Subsidiary Earnings,Net Income Common,EPS (Basic),Gross Margin,EBIT Margin,EBT margin,Net Profit Margin,Free Cash Flow Margin,EBITDA,EBIT,"EPS (Diluted, from Cont. Ops)","EPS (Diluted, from Disc. Ops)","EPS (Basic, Consolidated)","EPS (Basic, from Discontinued Ops)","EPS (Basic, from Continuous Ops)",Income from Continuous Operations,Income from Discontinued Operations,Consolidated Net Income/Loss,EBITDA Margin,Operating Cash Flow Margin,Ticker
2022-07-31 00:00:00,47988000000.0,37704000000.0,10284000000.0,8410000000.0,2306000000.0,25000000.0,-22000000.0,26000000.0,2069000000.0,450000000.0,1776000000.0,0.0,1614000000.0,7.0,0.2143,0.0481,0.0431,0.0336,-0.0158,3001000000.0,2306000000.0,7.4686,,7.5199,,7.5199,1772000000.0,,1614000000.0,0.0625,0.002,BBY
2022-04-30 00:00:00,49569000000.0,38770000000.0,10799000000.0,8537000000.0,2732000000.0,25000000.0,-24000000.0,25000000.0,2366000000.0,558000000.0,2197000000.0,,1807000000.0,7.66,0.2179,0.0551,0.0477,0.0365,-0.0236,3285000000.0,2732000000.0,9.0187,,9.096,,9.096,2200000000.0,,1807000000.0,0.0663,-0.0077,BBY
2022-03-31 00:00:00,50771000000.0,39515000000.0,11256000000.0,,,25000000.0,-16000000.0,,2709000000.0,512000000.0,,,2200000000.0,9.09,0.2217,0.0,0.0534,0.0433,0.0347,3610000000.0,,,,,,,,,2200000000.0,0.0711,0.0347,BBY
2022-01-31 00:00:00,51761000000.0,40121000000.0,11640000000.0,8635000000.0,3039000000.0,25000000.0,-15000000.0,25000000.0,3024000000.0,574000000.0,2450000000.0,4000000.0,2454000000.0,9.95,0.2249,0.0587,0.0584,0.0474,0.0486,3908000000.0,3039000000.0,9.8436,,9.9433,,9.9433,2454000000.0,,2454000000.0,0.0755,0.0628,BBY
2021-10-31 00:00:00,52333000000.0,40463000000.0,11870000000.0,8498000000.0,3269000000.0,28000000.0,-2000000.0,28000000.0,3267000000.0,629000000.0,2638000000.0,6000000.0,2644000000.0,10.45,0.2268,0.0625,0.0624,0.0505,0.0259,4124000000.0,3269000000.0,10.3195,,10.4504,,10.4504,2644000000.0,,2644000000.0,0.0788,0.0398,BBY
2021-07-31 00:00:00,52276000000.0,40413000000.0,11863000000.0,8488000000.0,3160000000.0,32000000.0,-2000000.0,32000000.0,3158000000.0,627000000.0,2531000000.0,4000000.0,2536000000.0,9.93,0.2269,0.0604,0.0604,0.0485,0.025,4015000000.0,3160000000.0,9.799,,9.9302,,9.9302,2536000000.0,,2536000000.0,0.0768,0.0383,BBY
2021-04-30 00:00:00,50337000000.0,39014000000.0,11323000000.0,8181000000.0,2931000000.0,41000000.0,-6000000.0,41000000.0,2925000000.0,692000000.0,2233000000.0,-1000000.0,2234000000.0,8.66,0.2249,0.0582,0.0581,0.0444,0.0697,3779000000.0,2931000000.0,8.5437,,8.6612,,8.6612,2234000000.0,,2234000000.0,0.0751,0.0835,BBY
2021-01-31 00:00:00,47262000000.0,36689000000.0,10573000000.0,7928000000.0,2391000000.0,52000000.0,-14000000.0,52000000.0,2377000000.0,579000000.0,1798000000.0,,1798000000.0,6.92,0.2237,0.0506,0.0503,0.038,0.0892,3230000000.0,2391000000.0,6.8364,,6.926,,6.926,1798000000.0,,1798000000.0,0.0683,0.1042,BBY
2020-10-31 00:00:00,45521000000.0,35256000000.0,10265000000.0,7828000000.0,2325000000.0,57000000.0,-20000000.0,57000000.0,2301000000.0,574000000.0,1727000000.0,,1727000000.0,6.64,0.2255,0.0511,0.0505,0.0379,0.1064,3158000000.0,2325000000.0,6.525,,6.608,,6.608,1727000000.0,,1727000000.0,0.0694,0.1216,BBY
2020-07-31 00:00:00,43432000000.0,33601000000.0,9831000000.0,7678000000.0,2159000000.0,,-20000000.0,62000000.0,2135000000.0,506000000.0,1629000000.0,,1629000000.0,6.25,0.2264,0.0497,0.0492,0.0375,0.1158,2984000000.0,2159000000.0,6.1471,,6.2162,,6.2162,1629000000.0,,1629000000.0,0.0687,0.1319,BBY
2020-04-30 00:00:00,43058000000.0,33214000000.0,9844000000.0,7898000000.0,1904000000.0,,-19000000.0,63000000.0,1881000000.0,446000000.0,1435000000.0,-4000000.0,1435000000.0,5.48,0.2286,0.0442,0.0437,0.0333,0.0618,2723000000.0,1904000000.0,5.3823,,5.4426,,5.4426,1435000000.0,,1435000000.0,0.0632,0.0787,BBY
2020-01-31 00:00:00,43638000000.0,33590000000.0,10048000000.0,7998000000.0,2009000000.0,,-12000000.0,64000000.0,1993000000.0,452000000.0,1541000000.0,,1541000000.0,5.86,0.2303,0.046,0.0457,0.0353,0.0418,2821000000.0,2009000000.0,5.7478,,5.8173,,5.8173,1541000000.0,,1541000000.0,0.0646,0.0588,BBY
2019-10-31 00:00:00,43243000000.0,33147000000.0,10096000000.0,8036000000.0,2020000000.0,,-22000000.0,70000000.0,1998000000.0,467000000.0,1531000000.0,,1531000000.0,5.72,0.2335,0.0467,0.0462,0.0354,0.0336,2847000000.0,2020000000.0,5.5936,,5.6709,,5.6709,1531000000.0,,1531000000.0,0.0658,0.0518,BBY
2019-07-31 00:00:00,43069000000.0,33010000000.0,10059000000.0,8065000000.0,1947000000.0,,-8000000.0,69000000.0,1939000000.0,424000000.0,1515000000.0,,1515000000.0,5.62,0.2336,0.0452,0.045,0.0352,0.0254,2760000000.0,1947000000.0,5.4806,,5.5675,,5.5675,1515000000.0,,1515000000.0,0.0641,0.0447,BBY
2019-04-30 00:00:00,42912000000.0,32907000000.0,10005000000.0,8020000000.0,1969000000.0,,-8000000.0,72000000.0,1961000000.0,440000000.0,1521000000.0,,1521000000.0,5.61,0.2332,0.0459,0.0457,0.0354,0.032,2763000000.0,1969000000.0,5.4573,,5.551,,5.551,1521000000.0,,1521000000.0,0.0644,0.0514,BBY
2019-01-31 00:00:00,42879000000.0,32918000000.0,9961000000.0,8015000000.0,1900000000.0,,-12000000.0,73000000.0,1888000000.0,424000000.0,1464000000.0,,1464000000.0,5.36,0.2323,0.0443,0.044,0.0341,0.0371,2670000000.0,1900000000.0,5.2027,,5.2967,,5.2967,1464000000.0,,1464000000.0,0.0623,0.0562,BBY
2018-10-31 00:00:00,43441000000.0,33342000000.0,10099000000.0,8248000000.0,1794000000.0,,-5000000.0,71000000.0,1789000000.0,696000000.0,1093000000.0,,1093000000.0,3.89,0.2325,0.0413,0.0412,0.0252,0.0282,2527000000.0,1794000000.0,3.7778,,3.8549,,3.855,1093000000.0,19000000.0,1093000000.0,0.0582,0.0471,BBY
2018-07-31 00:00:00,43171000000.0,33116000000.0,10055000000.0,8178000000.0,1822000000.0,,-21000000.0,76000000.0,1801000000.0,747000000.0,1054000000.0,,1055000000.0,3.68,0.2329,0.0422,0.0417,0.0244,0.0415,2534000000.0,1822000000.0,3.5653,,3.6442,,3.6409,1054000000.0,,1055000000.0,0.0587,0.0592,BBY
2018-04-30 00:00:00,42732000000.0,32753000000.0,9979000000.0,8131000000.0,1808000000.0,,-26000000.0,75000000.0,1782000000.0,763000000.0,1019000000.0,,1020000000.0,3.49,0.2335,0.0423,0.0417,0.0239,0.0324,2506000000.0,1808000000.0,3.3777,,3.4569,,3.4536,1019000000.0,,1020000000.0,0.0586,0.0492,BBY
2018-01-31 00:00:00,42151000000.0,32275000000.0,9876000000.0,8023000000.0,1843000000.0,,-26000000.0,75000000.0,1817000000.0,818000000.0,999000000.0,,1000000000.0,3.36,0.2343,0.0437,0.0431,0.0237,0.0345,2526000000.0,1843000000.0,3.253,0.01,3.3289,0.01,3.3256,999000000.0,,1000000000.0,0.0599,0.0508,BBY
2017-10-31 00:00:00,40270000000.0,30785000000.0,9485000000.0,7624000000.0,1852000000.0,,-35000000.0,75000000.0,1817000000.0,575000000.0,1242000000.0,,1243000000.0,4.04,0.2355,0.046,0.0451,0.0309,0.0415,2515000000.0,1852000000.0,3.9386,0.0633,4.0116,0.0633,4.001,1242000000.0,22000000.0,1243000000.0,0.0625,0.0584,BBY
2017-07-31 00:00:00,39895000000.0,30487000000.0,9408000000.0,7582000000.0,1814000000.0,,-35000000.0,71000000.0,1779000000.0,583000000.0,1196000000.0,,1198000000.0,3.85,0.2358,0.0455,0.0446,0.03,0.0325,2470000000.0,1814000000.0,3.7593,,3.826,,3.8153,1196000000.0,,1198000000.0,0.0619,0.0489,BBY
2017-04-30 00:00:00,39488000000.0,30171000000.0,9317000000.0,7525000000.0,1782000000.0,,-34000000.0,71000000.0,1748000000.0,579000000.0,1169000000.0,,1187000000.0,3.78,0.2359,0.0451,0.0443,0.0301,0.0433,2435000000.0,1782000000.0,3.6468,,3.7559,,3.698,1169000000.0,,1187000000.0,0.0617,0.0584,BBY
2017-01-31 00:00:00,39403000000.0,29963000000.0,9440000000.0,7547000000.0,1854000000.0,,-38000000.0,72000000.0,1816000000.0,609000000.0,1207000000.0,,1228000000.0,3.88,0.2396,0.0471,0.0461,0.0312,0.0502,2508000000.0,1854000000.0,3.74,0.07,3.8556,0.07,3.79,1207000000.0,,1228000000.0,0.0636,0.0649,BBY
2016-10-31 00:00:00,39544000000.0,30183000000.0,9361000000.0,7574000000.0,1744000000.0,,-51000000.0,74000000.0,1693000000.0,616000000.0,1077000000.0,,1100000000.0,3.35,0.2367,0.0441,0.0428,0.0278,0.0441,2398000000.0,1744000000.0,3.22,0.08,3.3293,0.07,3.26,1077000000.0,23000000.0,1100000000.0,0.0606,0.0578,BBY
2016-07-31 00:00:00,39418000000.0,30148000000.0,9270000000.0,7558000000.0,1662000000.0,,-60000000.0,78000000.0,1602000000.0,588000000.0,1014000000.0,,1031000000.0,3.1,0.2352,0.0422,0.0406,0.0262,0.0445,2320000000.0,1662000000.0,2.99,0.06,3.0784,0.06,3.02,1014000000.0,17000000.0,1031000000.0,0.0589,0.0592,BBY
2016-04-30 00:00:00,39413000000.0,30107000000.0,9306000000.0,7596000000.0,1661000000.0,,-66000000.0,80000000.0,1595000000.0,599000000.0,996000000.0,,997000000.0,2.95,0.2361,0.0421,0.0405,0.0253,0.03,2317000000.0,1661000000.0,2.89,0.01,2.9303,0.01,2.92,996000000.0,1000000.0,997000000.0,0.0588,0.0468,BBY
2016-01-31 00:00:00,39528000000.0,30337000000.0,9191000000.0,7618000000.0,1375000000.0,,-65000000.0,80000000.0,1310000000.0,503000000.0,807000000.0,,897000000.0,2.61,0.2325,0.0348,0.0331,0.0227,0.0176,2032000000.0,1375000000.0,2.3,0.26,2.5887,0.26,2.33,807000000.0,90000000.0,897000000.0,0.0514,0.034,BBY
2015-10-31 00:00:00,40114000000.0,30848000000.0,9266000000.0,7674000000.0,1414000000.0,,-56000000.0,82000000.0,1358000000.0,504000000.0,854000000.0,,937000000.0,2.68,0.231,0.0352,0.0339,0.0234,0.0248,2080000000.0,1414000000.0,2.41,0.23,2.678,0.23,2.45,854000000.0,84000000.0,938000000.0,0.0519,0.0405,BBY
2015-07-31 00:00:00,40327000000.0,31097000000.0,9230000000.0,7666000000.0,1389000000.0,,-56000000.0,84000000.0,1333000000.0,492000000.0,841000000.0,,919000000.0,2.62,0.2289,0.0344,0.0331,0.0228,0.0288,2052000000.0,1389000000.0,2.37,0.21,2.621,0.21,2.41,841000000.0,79000000.0,920000000.0,0.0509,0.0435,BBY
2015-04-30 00:00:00,40258000000.0,31148000000.0,9110000000.0,7603000000.0,1326000000.0,,-55000000.0,87000000.0,1271000000.0,457000000.0,814000000.0,,901000000.0,2.57,0.2263,0.0329,0.0316,0.0224,0.0259,1984000000.0,1326000000.0,2.3,0.24,2.5727,0.24,2.33,814000000.0,89000000.0,903000000.0,0.0493,0.0402,BBY
2015-01-31 00:00:00,40339000000.0,31292000000.0,9047000000.0,7592000000.0,1450000000.0,,-63000000.0,90000000.0,1387000000.0,141000000.0,1246000000.0,,1233000000.0,3.53,0.2243,0.0359,0.0344,0.0306,0.0341,2106000000.0,1450000000.0,3.53,-0.04,3.5336,-0.04,3.57,1246000000.0,-11000000.0,1235000000.0,0.0522,0.048,BBY
2014-10-31 00:00:00,38801000000.0,30154000000.0,8647000000.0,7417000000.0,1113000000.0,,-71000000.0,91000000.0,1042000000.0,3000000.0,1039000000.0,,1007000000.0,2.9,0.2229,0.0287,0.0269,0.026,0.0256,1763000000.0,1113000000.0,2.95,-0.08,2.9115,-0.08,2.99,1039000000.0,-30000000.0,1009000000.0,0.0454,0.0398,BBY
2014-07-31 00:00:00,39096000000.0,30368000000.0,8728000000.0,7587000000.0,998000000.0,,-66000000.0,93000000.0,932000000.0,-35000000.0,967000000.0,,954000000.0,2.76,0.2232,0.0255,0.0238,0.0244,0.0271,1646000000.0,998000000.0,2.74,-0.01,2.7634,-0.02,2.79,967000000.0,-11000000.0,956000000.0,0.0421,0.04,BBY
2014-04-30 00:00:00,39903000000.0,30695000000.0,9208000000.0,7877000000.0,1186000000.0,,-58000000.0,96000000.0,1128000000.0,61000000.0,1067000000.0,,1074000000.0,3.12,0.2308,0.0297,0.0283,0.0269,0.0231,1853000000.0,1186000000.0,3.04,0.04,3.0712,0.04,3.09,1067000000.0,-10000000.0,1057000000.0,0.0464,0.0353,BBY
2014-01-31 00:00:00,40611000000.0,31212000000.0,9399000000.0,8106000000.0,1144000000.0,,-61000000.0,100000000.0,1083000000.0,388000000.0,695000000.0,,532000000.0,1.55,0.2314,0.0282,0.0267,0.0131,0.0135,1860000000.0,1144000000.0,2.0,-0.47,1.5289,-0.47,2.03,695000000.0,-172000000.0,523000000.0,0.0458,0.0269,BBY
2013-10-31 00:00:00,44651000000.0,34097000000.0,10554000000.0,8960000000.0,526000000.0,,-47000000.0,108000000.0,479000000.0,478000000.0,1000000.0,,-170000000.0,-0.51,0.2364,0.0118,0.0107,-0.0038,0.0274,2128000000.0,526000000.0,-0.11,-0.4159,-0.4502,-0.4159,-0.1,1000000.0,-151000000.0,-150000000.0,0.0477,0.0418,BBY
2013-07-31 00:00:00,44705000000.0,34080000000.0,10625000000.0,9116000000.0,438000000.0,,-52000000.0,111000000.0,386000000.0,438000000.0,-52000000.0,,-234000000.0,-0.7,0.2377,0.0098,0.0086,-0.0052,0.0209,2099000000.0,438000000.0,-0.26,-0.4262,-0.6047,-0.4162,-0.26,-52000000.0,-151000000.0,-203000000.0,0.047,0.0372,BBY
2013-04-30 00:00:00,44778000000.0,34350000000.0,10428000000.0,9160000000.0,113000000.0,,-69000000.0,111000000.0,44000000.0,302000000.0,-258000000.0,,-488000000.0,-1.44,0.2329,0.0025,0.001,-0.0109,0.0059,1825000000.0,113000000.0,-0.86,-0.5562,-1.354,-0.5562,-0.86,-258000000.0,-200000000.0,-458000000.0,0.0408,0.0232,BBY
2013-01-31 00:00:00,45804000000.0,34950000000.0,10854000000.0,9369000000.0,209000000.0,,-72000000.0,112000000.0,137000000.0,323000000.0,-186000000.0,,-249000000.0,-0.74,0.237,0.0046,0.003,-0.0054,0.0148,1948000000.0,209000000.0,-0.66,-0.0562,-0.6945,-0.0562,-0.66,-186000000.0,-47000000.0,-233000000.0,0.0425,0.031,BBY
