Date,Revenue,Cost of Revenue,Gross Profit,R&D Expenses,SG&A Expenses,Operating Income,Interest Expense (Operating),Non-operating Income/Expense,Non-operating Interest Expenses,EBT,Income Tax Provision,Income after Tax,Net Income Common,EPS (Basic),Gross Margin,EBIT Margin,EBT margin,Net Profit Margin,Free Cash Flow Margin,EBITDA,EBIT,"EPS (Diluted, from Cont. Ops)","EPS (Diluted, from Disc. Ops)","EPS (Basic, Consolidated)","EPS (Basic, from Discontinued Ops)","EPS (Basic, from Continuous Ops)",Income from Continuous Operations,Income from Discontinued Operations,Consolidated Net Income/Loss,EBITDA Margin,Operating Cash Flow Margin,Ticker
2022-09-30 00:00:00,19408000000.0,10537000000.0,8871000000.0,1287000000.0,4786000000.0,2496000000.0,402000000.0,250000000.0,16000000.0,1990000000.0,181000000.0,1809000000.0,1719000000.0,5.88,0.4571,0.1286,0.1025,0.0886,0.0855,4997000000.0,2496000000.0,6.1414,,6.2391,,6.1897,1808000000.0,,1808000000.0,0.2575,0.1357,BDX
2022-06-30 00:00:00,19782000000.0,10685000000.0,9097000000.0,1374000000.0,4936000000.0,2637000000.0,409000000.0,662000000.0,11000000.0,1935000000.0,149000000.0,1905000000.0,1696000000.0,5.8,0.4599,0.1333,0.0978,0.0857,0.0741,5027000000.0,2637000000.0,6.6231,0.35,6.1704,0.36,6.6825,1904000000.0,97000000.0,1786000000.0,0.2541,0.1321,BDX
2022-03-31 00:00:00,19748000000.0,10760000000.0,8988000000.0,1389000000.0,4987000000.0,2592000000.0,425000000.0,491000000.0,121000000.0,1892000000.0,90000000.0,1921000000.0,1830000000.0,6.35,0.4551,0.1313,0.0958,0.0927,0.0752,4917000000.0,2592000000.0,6.6631,,6.7225,,6.7225,1921000000.0,,1921000000.0,0.249,0.1333,BDX
2021-12-31 00:00:00,19644000000.0,10715000000.0,8929000000.0,1363000000.0,4903000000.0,2372000000.0,448000000.0,239000000.0,243000000.0,1672000000.0,25000000.0,1766000000.0,1676000000.0,5.8,0.4545,0.1207,0.0851,0.0853,0.1121,4621000000.0,2372000000.0,6.1015,,6.1581,,6.1581,1766000000.0,,1766000000.0,0.2352,0.1718,BDX
2021-09-30 00:00:00,19964000000.0,10726000000.0,9238000000.0,1325000000.0,4829000000.0,2798000000.0,468000000.0,86000000.0,359000000.0,2106000000.0,133000000.0,2092000000.0,2002000000.0,6.9,0.4627,0.1402,0.1055,0.1003,0.1505,4990000000.0,2798000000.0,7.1622,,7.2316,,7.2316,2092000000.0,,2092000000.0,0.2499,0.2122,BDX
2021-06-30 00:00:00,19613000000.0,10471000000.0,9142000000.0,1238000000.0,4696000000.0,2422000000.0,480000000.0,-438000000.0,480000000.0,1983000000.0,147000000.0,1836000000.0,1865000000.0,6.42,0.4661,0.1235,0.1011,0.0951,0.1943,4623000000.0,2422000000.0,6.1796,2.23,6.714,2.27,6.2344,1837000000.0,482000000.0,1954000000.0,0.2357,0.243,BDX
2021-03-31 00:00:00,18861000000.0,10017000000.0,8844000000.0,1170000000.0,4476000000.0,2289000000.0,500000000.0,-434000000.0,500000000.0,1853000000.0,137000000.0,1716000000.0,1640000000.0,5.67,0.4689,0.1214,0.0982,0.087,0.22,4489000000.0,2289000000.0,5.8626,,5.9135,,5.9172,1716000000.0,,1715000000.0,0.238,0.2685,BDX
2020-12-31 00:00:00,18207000000.0,9876000000.0,8331000000.0,1117000000.0,4353000000.0,2225000000.0,510000000.0,-474000000.0,510000000.0,1748000000.0,148000000.0,1600000000.0,1508000000.0,5.25,0.4576,0.1222,0.096,0.0828,0.1909,4404000000.0,2225000000.0,5.5094,,5.5591,,5.5628,1600000000.0,,1599000000.0,0.2419,0.2394,BDX
2020-09-30 00:00:00,17117000000.0,9540000000.0,7577000000.0,1096000000.0,4325000000.0,1484000000.0,528000000.0,-498000000.0,528000000.0,985000000.0,111000000.0,874000000.0,767000000.0,2.75,0.4427,0.0867,0.0575,0.0448,0.1594,3638000000.0,1484000000.0,3.0949,,3.1329,,3.133,874000000.0,,874000000.0,0.2125,0.2068,BDX
2020-06-30 00:00:00,16918000000.0,9280000000.0,7638000000.0,1066000000.0,4220000000.0,1341000000.0,,-501000000.0,546000000.0,841000000.0,-68000000.0,909000000.0,787000000.0,2.8,0.4515,0.0793,0.0497,0.0465,0.1462,3495000000.0,1341000000.0,3.2609,,3.3092,,3.3056,909000000.0,,910000000.0,0.2066,0.2027,BDX
2020-03-31 00:00:00,17413000000.0,9361000000.0,8052000000.0,1086000000.0,4316000000.0,1608000000.0,,-556000000.0,567000000.0,1053000000.0,-21000000.0,1074000000.0,923000000.0,3.35,0.4624,0.0923,0.0605,0.053,0.1441,3802000000.0,1608000000.0,3.9019,,3.9652,,3.9616,1074000000.0,,1075000000.0,0.2183,0.2009,BDX
2019-12-31 00:00:00,17355000000.0,9062000000.0,8293000000.0,1074000000.0,4380000000.0,1375000000.0,,-519000000.0,604000000.0,856000000.0,-55000000.0,911000000.0,760000000.0,2.75,0.4778,0.0792,0.0493,0.0438,0.1634,3595000000.0,1375000000.0,3.3106,,3.3665,,3.3629,911000000.0,,912000000.0,0.2071,0.2188,BDX
2019-09-30 00:00:00,17290000000.0,9002000000.0,8288000000.0,1062000000.0,4332000000.0,1760000000.0,,-584000000.0,639000000.0,1176000000.0,-57000000.0,1233000000.0,1082000000.0,3.96,0.4794,0.1018,0.068,0.0626,0.1372,4013000000.0,1760000000.0,4.4873,,4.5676,,4.5676,1233000000.0,,1233000000.0,0.2321,0.1926,BDX
2019-06-30 00:00:00,17108000000.0,8993000000.0,8115000000.0,1069000000.0,4339000000.0,2224000000.0,,-633000000.0,679000000.0,1592000000.0,657000000.0,935000000.0,784000000.0,2.91,0.4743,0.13,0.0931,0.0458,0.1379,4490000000.0,2224000000.0,3.5451,,3.5915,,3.5915,935000000.0,,935000000.0,0.2625,0.1908,BDX
2019-03-31 00:00:00,17036000000.0,8979000000.0,8057000000.0,1064000000.0,4349000000.0,2109000000.0,,-332000000.0,705000000.0,1779000000.0,701000000.0,1078000000.0,927000000.0,3.46,0.4729,0.1238,0.1044,0.0544,0.1179,4369000000.0,2109000000.0,4.0696,,4.1405,,4.1405,1078000000.0,,1078000000.0,0.2565,0.1688,BDX
2018-12-31 00:00:00,17063000000.0,9374000000.0,7689000000.0,1071000000.0,4316000000.0,2160000000.0,,-379000000.0,719000000.0,1782000000.0,736000000.0,1046000000.0,895000000.0,3.34,0.4506,0.1266,0.1044,0.0525,0.1117,4410000000.0,2160000000.0,3.9506,,4.0215,,4.0215,1046000000.0,,1046000000.0,0.2585,0.1635,BDX
2018-09-30 00:00:00,15983000000.0,8714000000.0,7269000000.0,1004000000.0,4016000000.0,1509000000.0,,-336000000.0,706000000.0,1173000000.0,862000000.0,311000000.0,159000000.0,0.49,0.4548,0.0944,0.0734,0.0099,0.1233,3487000000.0,1509000000.0,1.1753,,1.2038,,1.2038,311000000.0,,311000000.0,0.2182,0.1793,BDX
2018-06-30 00:00:00,14747000000.0,7994000000.0,6753000000.0,942000000.0,3672000000.0,1424000000.0,,-336000000.0,681000000.0,1084000000.0,310000000.0,774000000.0,621000000.0,2.4,0.4579,0.0966,0.0735,0.0421,0.1246,3122000000.0,1424000000.0,2.8991,,2.9553,,2.9645,774000000.0,,772000000.0,0.2117,0.1821,BDX
2018-03-31 00:00:00,13504000000.0,7264000000.0,6240000000.0,851000000.0,3305000000.0,689000000.0,,-653000000.0,683000000.0,33000000.0,-14000000.0,47000000.0,-100000000.0,-0.43,0.4621,0.051,0.0024,-0.0074,0.1245,2098000000.0,689000000.0,0.1283,,0.1397,,0.1444,47000000.0,,46000000.0,0.1554,0.1871,BDX
2017-12-31 00:00:00,12251000000.0,6185000000.0,6066000000.0,779000000.0,2973000000.0,947000000.0,,-557000000.0,584000000.0,389000000.0,-14000000.0,403000000.0,294000000.0,1.37,0.4951,0.0773,0.0318,0.024,0.1438,2064000000.0,947000000.0,1.7522,,1.7952,,1.7999,403000000.0,,402000000.0,0.1685,0.2086,BDX
2017-09-30 00:00:00,12093000000.0,6128000000.0,5965000000.0,770000000.0,2909000000.0,1522000000.0,,-546000000.0,521000000.0,976000000.0,-124000000.0,1100000000.0,1030000000.0,4.77,0.4933,0.1259,0.0807,0.0852,0.1507,2610000000.0,1522000000.0,4.9199,,5.0241,,5.0241,1100000000.0,,1100000000.0,0.2158,0.2109,BDX
2017-06-30 00:00:00,12158000000.0,6218000000.0,5940000000.0,807000000.0,2949000000.0,1128000000.0,,-472000000.0,460000000.0,660000000.0,-132000000.0,792000000.0,760000000.0,3.59,0.4886,0.0928,0.0543,0.0625,0.113,2203000000.0,1128000000.0,3.6306,,3.7362,,3.7317,792000000.0,,793000000.0,0.1812,0.1751,BDX
2017-03-31 00:00:00,12321000000.0,6337000000.0,5984000000.0,828000000.0,2958000000.0,1868000000.0,,-384000000.0,373000000.0,1486000000.0,171000000.0,1315000000.0,1315000000.0,6.17,0.4857,0.1516,0.1206,0.1067,0.1519,2936000000.0,1868000000.0,6.0271,,6.1643,,6.1643,1315000000.0,,1315000000.0,0.2383,0.2093,BDX
2016-12-31 00:00:00,12419000000.0,6384000000.0,6035000000.0,823000000.0,2966000000.0,1888000000.0,,-390000000.0,386000000.0,1500000000.0,191000000.0,1309000000.0,1309000000.0,6.15,0.4859,0.152,0.1208,0.1054,0.1401,2975000000.0,1888000000.0,6.009,,6.1445,,6.1445,1309000000.0,,1309000000.0,0.2396,0.1941,BDX
2016-09-30 00:00:00,12483000000.0,6492000000.0,5991000000.0,828000000.0,3005000000.0,1430000000.0,,-356000000.0,388000000.0,1074000000.0,97000000.0,977000000.0,976000000.0,4.59,0.4799,0.1146,0.086,0.0782,0.1495,2544000000.0,1430000000.0,4.4912,,4.5886,,4.5933,977000000.0,,976000000.0,0.2038,0.205,BDX
2016-06-30 00:00:00,12311000000.0,6443000000.0,5868000000.0,772000000.0,2965000000.0,1628000000.0,,-373000000.0,392000000.0,1254000000.0,115000000.0,1139000000.0,1138000000.0,5.36,0.4766,0.1322,0.1019,0.0924,0.1579,2784000000.0,1628000000.0,5.2014,,5.3192,,5.3192,1139000000.0,,1139000000.0,0.2261,0.2057,BDX
2016-03-31 00:00:00,12233000000.0,6738000000.0,5495000000.0,743000000.0,2988000000.0,1249000000.0,,-378000000.0,400000000.0,871000000.0,60000000.0,811000000.0,810000000.0,3.83,0.4492,0.1021,0.0712,0.0662,0.135,2432000000.0,1249000000.0,3.6957,,3.7839,,3.7839,811000000.0,,811000000.0,0.1988,0.1828,BDX
2015-12-31 00:00:00,11217000000.0,6159000000.0,5058000000.0,690000000.0,2767000000.0,1077000000.0,,-356000000.0,392000000.0,720000000.0,31000000.0,689000000.0,688000000.0,3.34,0.4509,0.096,0.0642,0.0613,0.1151,2118000000.0,1077000000.0,3.2151,,3.2947,,3.2947,689000000.0,,689000000.0,0.1888,0.17,BDX
2015-09-30 00:00:00,10282000000.0,5587000000.0,4695000000.0,632000000.0,2563000000.0,1074000000.0,,-335000000.0,371000000.0,739000000.0,44000000.0,695000000.0,695000000.0,3.48,0.4566,0.1045,0.0719,0.0676,0.1103,1965000000.0,1074000000.0,3.3493,,3.4315,,3.4315,695000000.0,,695000000.0,0.1911,0.1683,BDX
2015-06-30 00:00:00,9424000000.0,5057000000.0,4367000000.0,576000000.0,2367000000.0,1180000000.0,,-254000000.0,307000000.0,926000000.0,112000000.0,814000000.0,815000000.0,4.18,0.4634,0.1252,0.0983,0.0865,0.096,1905000000.0,1180000000.0,4.0794,,4.1791,,4.1791,814000000.0,,814000000.0,0.2021,0.1688,BDX
2015-03-31 00:00:00,8461000000.0,4157000000.0,4304000000.0,535000000.0,2144000000.0,1489000000.0,,-179000000.0,235000000.0,1310000000.0,232000000.0,1078000000.0,1079000000.0,5.57,0.5087,0.176,0.1548,0.1275,0.0963,2056000000.0,1489000000.0,5.4457,,5.5727,,5.5727,1078000000.0,,1078000000.0,0.243,0.1763,BDX
2014-12-31 00:00:00,8482000000.0,4171000000.0,4311000000.0,553000000.0,2158000000.0,1577000000.0,,-129000000.0,177000000.0,1448000000.0,299000000.0,1149000000.0,1150000000.0,5.95,0.5083,0.1859,0.1707,0.1356,0.1212,2136000000.0,1577000000.0,5.8187,,5.9535,,5.9535,1149000000.0,,1149000000.0,0.2518,0.1977,BDX
2014-09-30 00:00:00,8446000000.0,4145000000.0,4301000000.0,550000000.0,2145000000.0,1606000000.0,,-84000000.0,135000000.0,1522000000.0,337000000.0,1185000000.0,1185000000.0,6.13,0.5092,0.1901,0.1802,0.1403,0.1294,2168000000.0,1606000000.0,5.9937,,6.1303,,6.1303,1185000000.0,,1185000000.0,0.2567,0.2067,BDX
2014-06-30 00:00:00,8345000000.0,4059000000.0,4286000000.0,543000000.0,2461000000.0,1282000000.0,,-76000000.0,133000000.0,1205000000.0,231000000.0,974000000.0,974000000.0,5.04,0.5136,0.1536,0.1444,0.1167,0.1624,1837000000.0,1282000000.0,4.936,,5.0421,,5.0264,975000000.0,,974000000.0,0.2201,0.2319,BDX
2014-03-31 00:00:00,8241000000.0,4006000000.0,4235000000.0,527000000.0,2467000000.0,1241000000.0,,-79000000.0,135000000.0,1161000000.0,221000000.0,940000000.0,950000000.0,4.9,0.5139,0.1506,0.1409,0.1153,0.1624,1794000000.0,1241000000.0,4.7512,,4.9032,,4.8378,941000000.0,,950000000.0,0.2177,0.2357,BDX
2013-12-31 00:00:00,8169000000.0,3969000000.0,4200000000.0,502000000.0,2457000000.0,1241000000.0,,-82000000.0,137000000.0,1158000000.0,229000000.0,929000000.0,939000000.0,4.84,0.5141,0.1519,0.1418,0.1149,0.1512,1800000000.0,1241000000.0,4.6879,,4.839,,4.7754,930000000.0,,939000000.0,0.2203,0.226,BDX
2013-09-30 00:00:00,8054000000.0,3883000000.0,4171000000.0,494000000.0,2422000000.0,1255000000.0,,-89000000.0,138000000.0,1165000000.0,236000000.0,929000000.0,1293000000.0,6.62,0.5179,0.1558,0.1446,0.1605,0.1402,1801000000.0,1255000000.0,4.67,1.9,6.6254,1.92,4.76,929000000.0,378365000.0,1293000000.0,0.2236,0.2132,BDX
2013-06-30 00:00:00,7919789000.0,3834955900.0,4084833000.0,489033000.0,2028905000.0,1566894900.0,,-100403000.0,140633000.0,1466492000.0,353741000.0,1112751100.0,1492116100.0,7.6,0.5158,0.1978,0.1852,0.1884,0.1224,2098335900.0,1566895000.0,5.54,1.97,7.5892,2.0,5.67,1112751000.0,394650000.0,1492116100.0,0.2649,0.1952,BDX
2013-03-31 00:00:00,7847319000.0,3789350900.0,4057968000.0,483020000.0,1964035000.0,1610912800.0,,-104880000.0,140482000.0,1506033000.0,373701000.0,1132332100.0,1516982100.0,7.67,0.5171,0.2053,0.1919,0.1933,0.1428,2126193800.0,1610912900.0,5.59,,7.6575,,5.71,1132332000.0,,1516982100.0,0.2709,0.2117,BDX
2012-12-31 00:00:00,7776280000.0,3748534900.0,4027745000.0,477773000.0,1936729000.0,1613242900.0,,-97685000.0,140622000.0,1515558000.0,384102000.0,1131456100.0,1532015100.0,7.66,0.518,0.2075,0.1949,0.197,0.1634,2120316900.0,1613243000.0,5.51,2.0,7.6492,2.03,5.62,1131456000.0,400559000.0,1532015100.0,0.2727,0.2468,BDX
