Date,Revenue,Gross Profit,SG&A Expenses,Operating Income,Non-operating Income/Expense,Non-operating Interest Expenses,EBT,Income Tax Provision,Income after Tax,Net Income Common,EPS (Basic),Gross Margin,EBIT Margin,EBT margin,Net Profit Margin,Free Cash Flow Margin,EBITDA,EBIT,"EPS (Diluted, from Cont. Ops)","EPS (Basic, Consolidated)","EPS (Basic, from Continuous Ops)",Income from Continuous Operations,Consolidated Net Income/Loss,EBITDA Margin,Operating Cash Flow Margin,Ticker
2022-09-30 00:00:00,8243000000.0,8275300000.0,6219400000.0,1773900400.0,120700000.0,98200000.0,1729000000.0,396200000.0,1333200000.0,1247000000.0,2.52,1.0039,0.2152,0.2098,0.1513,0.0,,1773900400.0,2.7222,2.7257,2.7257,1333200000.0,1288000000.0,0.0,0.0,BEN
2022-06-30 00:00:00,8500000000.0,8517300000.0,6302000000.0,1956900300.0,272000000.0,73100000.0,2213000000.0,342900000.0,1870299700.0,1653000000.0,3.36,1.002,0.2302,0.2604,0.1945,0.1786,2360800200.0,1956900100.0,3.816,3.8219,3.8219,1870299700.0,1798000000.0,0.2777,0.1903,BEN
2022-03-31 00:00:00,8676900000.0,8658900000.0,6394000000.0,2030300000.0,264300000.0,69900000.0,2455400000.0,337200000.0,2118299700.0,1827000000.0,3.72,0.9979,0.234,0.283,0.2106,0.1012,2416199900.0,2030299800.0,4.3203,4.3272,4.3272,2118299700.0,2057600000.0,0.2785,0.1128,BEN
2021-12-31 00:00:00,8695400000.0,8654400000.0,6398700000.0,2023599900.0,348500000.0,62900000.0,2602900000.0,358200000.0,2244599700.0,1856900000.0,3.78,0.9953,0.2327,0.2993,0.2135,0.1232,2412499800.0,2023599700.0,4.577,4.5839,4.5839,2244599700.0,2199000000.0,0.2774,0.1326,BEN
2021-09-30 00:00:00,8440500000.0,8425500000.0,6318500000.0,1874999800.0,419700000.0,73300000.0,2444200000.0,349600000.0,2094599700.0,1753600000.0,3.57,0.9982,0.2221,0.2896,0.2078,0.1368,2263799800.0,1874999600.0,4.2694,4.2755,4.2755,2094599700.0,2067800000.0,0.2682,0.1462,BEN
2021-06-30 00:00:00,7949500000.0,7949500000.0,6288200000.0,1447099900.0,458700000.0,89700000.0,1905800000.0,427500000.0,1478300000.0,1188400000.0,2.42,1.0,0.182,0.2397,0.1495,0.1342,1827199900.0,1447099800.0,3.0134,3.017,3.017,1478300000.0,1478300000.0,0.2299,0.1409,BEN
2021-03-31 00:00:00,6937700000.0,6937700000.0,5575300000.0,1201500000.0,418700000.0,69200000.0,1620200000.0,359800000.0,1260400000.0,1055600000.0,2.15,1.0,0.1732,0.2335,0.1522,0.2072,1517900000.0,1201499900.0,2.5678,2.5703,2.5703,1260400000.0,1260400000.0,0.2188,0.2146,BEN
2020-12-31 00:00:00,6172400000.0,6172400000.0,4979900000.0,1085100100.0,24500000.0,57000000.0,1109600000.0,275800000.0,833800000.0,768000000.0,1.57,1.0,0.1758,0.1798,0.1244,0.2027,1345800100.0,1085100000.0,1.6986,1.7003,1.7003,833800000.0,833800000.0,0.218,0.2175,BEN
2020-09-30 00:00:00,5566500000.0,5566500000.0,4463600000.0,1048900100.0,-31000000.0,33400000.0,1017900000.0,230800000.0,787100000.0,783600000.0,1.6,1.0,0.1884,0.1829,0.1408,0.176,1257700100.0,1048900000.0,1.5985,1.6001,1.6001,787100000.0,787100000.0,0.2259,0.1946,BEN
2020-06-30 00:00:00,5208900000.0,5208900000.0,3934000000.0,1246300200.0,-32200000.0,19700000.0,1214100000.0,244200000.0,969900000.0,1014200100.0,2.06,1.0,0.2393,0.2331,0.1947,0.1316,1430500300.0,1246300100.0,1.9585,1.9612,1.9612,969900000.0,969900000.0,0.2746,0.1539,BEN
2020-03-31 00:00:00,5524500000.0,5524500000.0,4111900000.0,1388700100.0,-30900000.0,20100000.0,1357800000.0,387000000.0,970800000.0,971300100.0,1.95,1.0,0.2514,0.2458,0.1758,-0.0488,1578000200.0,1388700000.0,1.9484,1.9515,1.9515,970800000.0,970800000.0,0.2856,-0.0063,BEN
2019-12-31 00:00:00,5647100000.0,5647100000.0,4199300000.0,1428300100.0,319100000.0,22100000.0,1747400000.0,453800000.0,1293600000.0,1257700100.0,2.51,1.0,0.2529,0.3094,0.2227,-0.0333,1612600200.0,1428300000.0,2.5843,2.588,2.588,1293600000.0,1293600000.0,0.2856,0.008,BEN
2019-09-30 00:00:00,5669400000.0,5669400000.0,4187800000.0,1466900000.0,180900000.0,22400000.0,1647800000.0,442300000.0,1205500000.0,1184800100.0,2.35,1.0,0.2587,0.2906,0.209,0.0061,1646100100.0,1466899900.0,2.3905,2.3938,2.3938,1205500000.0,1205500000.0,0.2903,0.0474,BEN
2019-06-30 00:00:00,5734600000.0,5734600000.0,4178600000.0,1554200000.0,181100000.0,21100000.0,1735300000.0,362800000.0,1372500000.0,1369600000.0,2.7,1.0,0.271,0.3026,0.2388,0.1139,1719600000.0,1554200000.0,2.639,2.6409,2.6409,1372500000.0,1372500000.0,0.2999,0.1553,BEN
2019-03-31 00:00:00,5816500000.0,5816500000.0,4132300000.0,1682400100.0,86600000.0,37600000.0,1769000000.0,295700000.0,1473300000.0,1525000000.0,2.97,1.0,0.2892,0.3041,0.2622,0.2823,1842300100.0,1682400100.0,2.7983,2.8001,2.8001,1473300000.0,1473300000.0,0.3167,0.3055,BEN
2018-12-31 00:00:00,6000500000.0,6000500000.0,4140100000.0,1858600200.0,51000000.0,41900000.0,1909600000.0,335000000.0,1574600000.0,1604500000.0,3.04,1.0,0.3097,0.3182,0.2674,0.3418,2017700200.0,1858600200.0,2.928,2.9301,2.9301,1574600000.0,1574600000.0,0.3363,0.3607,BEN
2018-09-30 00:00:00,6204500000.0,6204500000.0,4174500000.0,2028200300.0,187000000.0,46300000.0,2215200000.0,1472500000.0,742700000.0,746800000.0,1.44,1.0,0.3269,0.357,0.1204,0.3422,2185300300.0,2028200300.0,1.3805,1.3821,1.3821,742700000.0,742700000.0,0.3522,0.3594,BEN
2018-06-30 00:00:00,6408800000.0,6408800000.0,4211200000.0,2197600500.0,192700000.0,55600000.0,2390300100.0,1647400100.0,742900000.0,680400000.0,1.24,1.0,0.3429,0.373,0.1062,0.2478,2353900500.0,2197600400.0,1.3718,1.3737,1.3737,742900000.0,742899900.0,0.3673,0.263,BEN
2018-03-31 00:00:00,6464100000.0,6464100000.0,4205400000.0,2258700500.0,327900000.0,46400000.0,2586600100.0,1739700100.0,846900000.0,688800000.0,1.22,1.0,0.3494,0.4001,0.1066,0.2055,2414900400.0,2258700400.0,1.5308,1.5329,1.5329,846900000.0,846899900.0,0.3736,0.2194,BEN
2017-12-31 00:00:00,6446900000.0,6446900000.0,4188400000.0,2258500400.0,322500000.0,49000000.0,2581000100.0,1782000100.0,799000000.0,662800000.0,1.17,1.0,0.3503,0.4003,0.1028,0.144,2413800300.0,2258500300.0,1.4216,1.4232,1.4232,799000000.0,798999900.0,0.3744,0.1566,BEN
2017-09-30 00:00:00,6392200000.0,6392200000.0,4127900000.0,2264300500.0,284800000.0,51500000.0,2549100100.0,759400100.0,1789700000.0,1684300000.0,3.0,1.0,0.3542,0.3988,0.2635,0.1659,2416600400.0,2264300400.0,3.2011,3.2028,3.2028,1789700000.0,1789699900.0,0.3781,0.1776,BEN
2017-06-30 00:00:00,6387100000.0,6387100000.0,4101100000.0,2286000500.0,241000000.0,52200000.0,2527000000.0,740799900.0,1786200100.0,1731300100.0,3.06,1.0,0.3579,0.3956,0.2711,0.2247,2439900300.0,2286000100.0,3.1676,3.1687,3.1687,1786200100.0,1786200000.0,0.382,0.2381,BEN
2017-03-31 00:00:00,6407500000.0,6407500000.0,4090300000.0,2317200500.0,215200000.0,51600000.0,2532400000.0,744099900.0,1788300100.0,1767400100.0,3.1,1.0,0.3616,0.3952,0.2758,0.2842,2471100400.0,2317200100.0,3.1396,3.1399,3.1399,1788300100.0,1788300000.0,0.3857,0.2984,BEN
2016-12-31 00:00:00,6420800000.0,6420800000.0,4121800000.0,2299000500.0,148400000.0,51200000.0,2447400000.0,733299900.0,1714100100.0,1707900100.0,2.97,1.0,0.3581,0.3812,0.266,0.2784,2452900500.0,2299000100.0,2.9781,2.9782,2.9782,1714100100.0,1714100000.0,0.382,0.2926,BEN
2016-09-30 00:00:00,6618000000.0,6618000000.0,4252300000.0,2365700500.0,134100000.0,49900000.0,2499800000.0,742099900.0,1757700100.0,1715800100.0,2.94,1.0,0.3575,0.3777,0.2593,0.2463,2528000500.0,2365700100.0,3.0107,3.0109,3.0109,1757700100.0,1757700000.0,0.382,0.2611,BEN
2016-06-30 00:00:00,6880000000.0,6880000000.0,4375600000.0,2504400800.0,-45200000.0,49400000.0,2459200000.0,793000000.0,1666199900.0,1599800100.0,2.71,1.0,0.364,0.3574,0.2325,0.2203,2678400900.0,2504400400.0,2.8172,2.8177,2.8177,1666199900.0,1666199900.0,0.3893,0.2329,BEN
2016-03-31 00:00:00,7246500000.0,7246500000.0,4567700000.0,2678800800.0,-117100000.0,50800000.0,2561700000.0,823000000.0,1738699900.0,1660800100.0,2.76,1.0,0.3697,0.3535,0.2292,0.2051,2863500900.0,2678800400.0,2.8894,2.8901,2.8901,1738699900.0,1738699900.0,0.3952,0.2153,BEN
2015-12-31 00:00:00,7642400000.0,7642400000.0,4743200000.0,2899200900.0,-21100000.0,40300000.0,2878100000.0,877300000.0,2000799900.0,1905600100.0,3.13,1.0,0.3794,0.3766,0.2493,0.249,3099700900.0,2899200500.0,3.2833,3.284,3.284,2000799900.0,2000799900.0,0.4056,0.2584,BEN
2015-09-30 00:00:00,7948700000.0,7948700000.0,4921100000.0,3027600900.0,800000.0,39600000.0,3028400000.0,923700000.0,2104699900.0,2023300100.0,3.3,1.0,0.3809,0.381,0.2545,0.2747,3237800900.0,3027600500.0,3.4228,3.4234,3.4234,2104699900.0,2104699900.0,0.4073,0.2833,BEN
2015-06-30 00:00:00,8230400000.0,8230400000.0,5085600000.0,3144801000.0,173700000.0,39200000.0,3318500100.0,964500000.0,2354000300.0,2307100000.0,3.74,1.0,0.3821,0.4032,0.2803,0.3018,3356901000.0,3144801000.0,3.8041,3.8053,3.8053,2354000300.0,2354000000.0,0.4079,0.3089,BEN
2015-03-31 00:00:00,8360100000.0,8360100000.0,5198300000.0,3161800900.0,288800000.0,36400000.0,3450600100.0,998500000.0,2452100300.0,2377900000.0,3.84,1.0,0.3782,0.4127,0.2844,0.3069,3375900900.0,3161800900.0,3.9483,3.95,3.95,2452100300.0,2452100000.0,0.4038,0.3134,BEN
2014-12-31 00:00:00,8446200000.0,8446200000.0,5256100000.0,3190100800.0,193200000.0,46100000.0,3383300100.0,1001300000.0,2382000300.0,2332500000.0,3.75,1.0,0.3777,0.4006,0.2762,0.276,3408300800.0,3190100800.0,3.8223,3.8243,3.8243,2382000300.0,2382000000.0,0.4035,0.2825,BEN
2014-09-30 00:00:00,8491400000.0,8491400000.0,5270200000.0,3221200800.0,188400000.0,47400000.0,3409600100.0,997900000.0,2411700300.0,2370000000.0,3.8,1.0,0.3793,0.4015,0.2791,0.2455,3443600800.0,3221200800.0,3.8575,3.86,3.86,2411700300.0,2411700000.0,0.4055,0.2518,BEN
2014-06-30 00:00:00,8320700000.0,8320700000.0,5199700000.0,3121000600.0,126300000.0,46400000.0,3247300100.0,955900000.0,2291400200.0,2231500000.0,3.57,1.0,0.3751,0.3903,0.2682,0.2236,3349300600.0,3121000100.0,3.6522,3.6562,3.6562,2291400200.0,2291399900.0,0.4025,0.2306,BEN
2014-03-31 00:00:00,8275000000.0,8275000000.0,5169100000.0,3105900800.0,29900000.0,45500000.0,3135800100.0,914400000.0,2221400200.0,2204800000.0,3.52,1.0,0.3753,0.3789,0.2664,0.2225,3339900800.0,3105900300.0,3.5248,3.5291,3.5291,2221400200.0,2221399900.0,0.4036,0.23,BEN
2013-12-31 00:00:00,8192700000.0,8192700000.0,5143400000.0,3049300700.0,109900000.0,45000000.0,3159200100.0,897200000.0,2262000200.0,2220500000.0,3.5267,1.0,0.3722,0.3856,0.271,0.2452,3286200700.0,3049300200.0,3.5773,3.5822,3.5822,2262000200.0,2261999900.0,0.4011,0.2532,BEN
2013-09-30 00:00:00,7985000000.0,7985000000.0,5063700000.0,2921300700.0,105300000.0,46900000.0,3026600100.0,855900000.0,2170700200.0,2136300000.0,3.3734,1.0,0.3658,0.379,0.2675,0.2472,3152800700.0,2921300200.0,3.4233,3.4287,3.4287,2170700200.0,2170699900.0,0.3948,0.2549,BEN
2013-06-30 00:00:00,7816400000.0,7816400000.0,5007500000.0,2808900400.0,172600000.0,43800000.0,2981499800.0,817300000.0,2164199900.0,2127500000.0,3.3467,1.0,0.3594,0.3814,0.2722,0.2111,3031700400.0,2808900300.0,3.4067,3.4129,3.4129,2164199900.0,2164200000.0,0.3879,0.2185,BEN
2013-03-31 00:00:00,7515200000.0,7515200000.0,4835000000.0,2680200300.0,144200000.0,43900000.0,2824399800.0,792300000.0,2032099900.0,2031400000.0,3.1834,1.0,0.3566,0.3758,0.2703,0.1728,2898400300.0,2680200200.0,3.1914,3.1983,3.1983,2032099900.0,2032100000.0,0.3857,0.1809,BEN
2012-12-31 00:00:00,7300900000.0,7300900000.0,4733000000.0,2567900400.0,131400000.0,42600000.0,2699299800.0,772800000.0,1926499900.0,1958400000.0,3.0634,1.0,0.3517,0.3697,0.2682,0.1728,2781200400.0,2567900300.0,3.0124,3.0203,3.0203,1926499900.0,1926500000.0,0.3809,0.1853,BEN
