Date,Revenue,Cost of Revenue,Gross Profit,R&D Expenses,SG&A Expenses,Operating Income,Interest Expense (Operating),Non-operating Income/Expense,Non-operating Interest Expenses,EBT,Income Tax Provision,Income after Tax,Share of Subsidiary Earnings,Net Income Common,EPS (Basic),Gross Margin,EBIT Margin,EBT margin,Net Profit Margin,Free Cash Flow Margin,EBITDA,EBIT,"EPS (Diluted, from Cont. Ops)","EPS (Basic, Consolidated)","EPS (Basic, from Continuous Ops)",Income from Continuous Operations,Consolidated Net Income/Loss,EBITDA Margin,Operating Cash Flow Margin,Ticker
2022-09-30 00:00:00,9653000000.0,2893000000.0,6760000000.0,2054000000.0,2558700100.0,3353800800.0,258000000.0,2752000000.0,43000000.0,3393000000.0,1022000000.0,2371200000.0,,2865000000.0,19.64,0.7003,0.3474,0.3515,0.2968,0.2853,2672000000.0,3353800400.0,16.4784,16.5247,16.5247,2391500000.0,2392000000.0,0.2768,0.2484,BIIB
2022-06-30 00:00:00,10009000000.0,2948000000.0,7061000000.0,2206000000.0,2649400100.0,2832700800.0,264000000.0,1746000000.0,22000000.0,2313000000.0,760000000.0,1553300000.0,21400000.0,2059000000.0,14.02,0.7055,0.283,0.2311,0.2057,0.2331,2743000000.0,2832700400.0,10.7813,10.8146,10.8146,1574700000.0,1575000000.0,0.2741,0.254,BIIB
2022-03-31 00:00:00,10378000000.0,2788700000.0,7589300000.0,2330100000.0,2714100100.0,2477500700.0,254000000.0,-483600000.0,12000000.0,1625100000.0,133900000.0,1491700000.0,49800000.0,1449500000.0,9.78,0.7313,0.2387,0.1566,0.1397,0.2707,2999500000.0,2477500300.0,10.3719,10.4087,10.4087,1541500000.0,1541500000.0,0.289,0.2922,BIIB
2021-12-31 00:00:00,10698000000.0,2369800000.0,8328200000.0,2369300000.0,2674200100.0,2840700600.0,253000000.0,-875500000.0,12000000.0,1745100000.0,52100000.0,1692700000.0,34900000.0,1555700000.0,10.42,0.7785,0.2655,0.1631,0.1454,0.3144,3610300000.0,2840700200.0,11.5481,11.5869,11.5869,1727600000.0,1727100000.0,0.3375,0.3402,BIIB
2021-09-30 00:00:00,10970600000.0,2073500000.0,8897100000.0,3462400000.0,2692500100.0,1922900000.0,243000000.0,-126000000.0,13000000.0,1692899900.0,-377500000.0,2070399900.0,35300000.0,1545600100.0,10.25,0.811,0.1753,0.1543,0.1409,0.1937,3080700100.0,1922899400.0,14.2956,14.351,14.351,2105700100.0,2105600100.0,0.2808,0.2219,BIIB
2021-06-30 00:00:00,11697700000.0,1877600000.0,9820100000.0,3966300000.0,2611600100.0,2215300000.0,233000000.0,144400000.0,16000000.0,2359699900.0,-110700000.0,2470399900.0,21100000.0,1918100100.0,12.5,0.8395,0.1894,0.2017,0.164,0.2104,3455100100.0,2215299400.0,16.6327,16.688,16.688,2491500100.0,2491500100.0,0.2954,0.2402,BIIB
2021-03-31 00:00:00,12604300000.0,1829000000.0,10775300000.0,4028800000.0,2529400100.0,3704100000.0,234000000.0,111000000.0,21000000.0,3815099900.0,744500000.0,3070599900.0,1900000.0,3011700100.0,19.1,0.8549,0.2939,0.3027,0.2389,0.2498,4398000100.0,3704099400.0,19.7851,19.8407,19.8407,3072500100.0,3072500100.0,0.3489,0.2802,BIIB
2020-12-31 00:00:00,13444600000.0,1805200000.0,11639400000.0,3990900000.0,2504500100.0,4550100000.0,213000000.0,497400000.0,42000000.0,5047499900.0,992300000.0,4055199900.0,5300000.0,4000600100.0,24.5,0.8657,0.3384,0.3754,0.2976,0.2791,5217000100.0,4550099400.0,25.1736,25.2361,25.2361,4060500100.0,4060500100.0,0.388,0.3146,BIIB
2020-09-30 00:00:00,14263301000.0,1761600100.0,12501700000.0,2956500100.0,2363200000.0,6658499000.0,203000000.0,-235400000.0,67000000.0,6423100000.0,1255000000.0,5168100000.0,-25400000.0,5082400000.0,30.27,0.8765,0.4668,0.4503,0.3563,0.467,7138299000.0,6658500000.0,30.5385,30.6021,30.6021,5142700000.0,5142700000.0,0.5005,0.4597,BIIB
2020-06-30 00:00:00,14487301000.0,1742500100.0,12744800000.0,2356000100.0,2344600000.0,7378399000.0,,-134100000.0,,7244300000.0,1225500000.0,6018800000.0,-34100000.0,5926800000.0,34.2,0.8797,0.5093,0.5,0.4091,0.4434,8053699000.0,7378400000.0,34.4533,34.5174,34.5174,5984700000.0,5984700000.0,0.5559,0.4881,BIIB
2020-03-31 00:00:00,14422401000.0,1807700100.0,12614700000.0,2193200100.0,2377100000.0,7359799000.0,,-394500000.0,,6965300000.0,1027500000.0,5937800000.0,-65500000.0,5878800000.0,32.45,0.8747,0.5103,0.483,0.4076,0.4408,8039199000.0,7359800000.0,32.316,32.3656,32.3656,5872300000.0,5872300000.0,0.5574,0.4913,BIIB
2019-12-31 00:00:00,14377901000.0,1955400100.0,12422500000.0,2280600100.0,2374700000.0,7042599000.0,,83300000.0,,7125900000.0,1158000000.0,5967900000.0,-79400000.0,5888500000.0,31.52,0.864,0.4898,0.4956,0.4096,0.4458,7723199000.0,7042600000.0,31.4222,31.4724,31.4724,5888500000.0,5888500000.0,0.5372,0.4923,BIIB
2019-09-30 00:00:00,14232900000.0,1996800000.0,12236100000.0,2200500000.0,2300900200.0,6708001000.0,,104000000.0,,6812000000.0,1351500000.0,5460500100.0,-66800000.0,5395600200.0,28.16,0.8597,0.4713,0.4786,0.3791,0.3962,7239201000.0,6708001000.0,28.0906,28.131,28.131,5393700100.0,5393700100.0,0.5086,0.4928,BIIB
2019-06-30 00:00:00,14071800000.0,2027600000.0,12044200000.0,2168000000.0,2244100200.0,6599301000.0,,246400000.0,,6845700000.0,1510000000.0,5335700100.0,-51800000.0,5294100200.0,26.93,0.8559,0.469,0.4865,0.3762,0.4514,7147501000.0,6599301000.0,26.8447,26.8938,26.8937,5290700100.0,5290700100.0,0.5079,0.5013,BIIB
2019-03-31 00:00:00,13811600000.0,1972300000.0,11839300000.0,2664200000.0,2172700200.0,5856601000.0,,409300000.0,,6265900000.0,1525600000.0,4740300000.0,-40400000.0,4666600200.0,23.26,0.8572,0.424,0.4537,0.3379,0.3971,6459301000.0,5856601000.0,23.4114,23.4607,23.4606,4711600000.0,4711600100.0,0.4677,0.4482,BIIB
2018-12-31 00:00:00,13452900000.0,1816300000.0,11636600000.0,2597200000.0,2106300200.0,5888601000.0,,11000000.0,,5899600000.0,1425600000.0,4474000000.0,,4430700200.0,21.64,0.865,0.4377,0.4385,0.3293,0.3976,6539101000.0,5888601000.0,21.7925,21.8351,21.835,4474000000.0,4474000100.0,0.4861,0.46,BIIB
2018-09-30 00:00:00,13233601000.0,1837000000.0,11396601000.0,2573200100.0,2087199900.0,5911701000.0,,-26800000.0,,5884900000.0,2522100000.0,3362799600.0,,3186500200.0,15.49,0.8612,0.4467,0.4447,0.2408,0.3716,6807601000.0,5911701000.0,16.3114,16.3434,16.3433,3362799600.0,3362800100.0,0.5144,0.4391,BIIB
2018-06-30 00:00:00,12872401000.0,1746200000.0,11126201000.0,2511700100.0,2022899900.0,5868001000.0,,-185900000.0,,5682100000.0,2536100000.0,3145999600.0,,2968200200.0,14.12,0.8643,0.4559,0.4414,0.2306,0.3681,6594801000.0,5868001000.0,14.9538,14.9789,14.9789,3145999600.0,3146000100.0,0.5123,0.443,BIIB
2018-03-31 00:00:00,12594301000.0,1691400000.0,10902901000.0,2326900100.0,1936499900.0,5855801000.0,,-220000000.0,,5635800000.0,2542000000.0,3093799700.0,,2964400200.0,14.01,0.8657,0.465,0.4475,0.2354,0.3907,6593701000.0,5855801000.0,14.6059,14.6324,14.6324,3093799700.0,3093800100.0,0.5235,0.4584,BIIB
2017-12-31 00:00:00,12273901000.0,1630000000.0,10643901000.0,2253600100.0,1933899900.0,5345801000.0,,-217000000.0,,5128800000.0,2458700000.0,2670099700.0,,2539100200.0,11.93,0.8672,0.4355,0.4179,0.2069,0.2206,6426801000.0,5345801000.0,12.5358,12.5593,12.5593,2670099700.0,2670100100.0,0.5236,0.3708,BIIB
2017-09-30 00:00:00,11838900000.0,1499299900.0,10339600000.0,2199900100.0,1856099900.0,4767099500.0,,-199900000.0,,4567200100.0,1082900100.0,3484300000.0,,3485699800.0,16.34,0.8734,0.4027,0.3858,0.2944,0.2436,5816500000.0,4767099500.0,16.3145,16.3415,16.3415,3484300000.0,3484300000.0,0.4913,0.3898,BIIB
2017-06-30 00:00:00,11716900000.0,1546199900.0,10170700000.0,2282500100.0,1885399900.0,4538499500.0,,-214000000.0,,4324500100.0,1036100100.0,3288400000.0,,3292499800.0,15.26,0.868,0.3873,0.3691,0.281,0.1917,5590700000.0,4538499500.0,15.221,15.2479,15.2479,3288400000.0,3288400000.0,0.4771,0.3395,BIIB
2017-03-31 00:00:00,11532700000.0,1550299900.0,9982400000.0,1959400100.0,1947999900.0,4797999500.0,,-203900000.0,,4594100100.0,1120100100.0,3474000000.0,,3479499800.0,15.98,0.8656,0.416,0.3984,0.3017,0.1881,5843000000.0,4797999500.0,15.9335,15.9612,15.9612,3474000000.0,3474000000.0,0.5066,0.3301,BIIB
2016-12-31 00:00:00,11448800000.0,1478699900.0,9970100000.0,1973300100.0,1946599900.0,5151699500.0,,-218700000.0,,4933000100.0,1237300100.0,3695700000.0,,3702799800.0,16.95,0.8708,0.45,0.4309,0.3234,0.3371,5834400000.0,5151699500.0,16.8907,16.9217,16.9217,3695700000.0,3695700000.0,0.5096,0.4007,BIIB
2016-09-30 00:00:00,11416100000.0,1432100100.0,9984000000.0,1981100000.0,2035400000.0,5432200000.0,,-251800000.0,,5180600000.0,1304100000.0,3876499700.0,,3885199900.0,17.72,0.8746,0.4758,0.4538,0.3403,0.3074,6093800000.0,5432200000.0,17.647,17.683,17.683,3876499800.0,3876499900.0,0.5338,0.3722,BIIB
2016-06-30 00:00:00,11238200000.0,1325200100.0,9913000000.0,1972000000.0,2050500000.0,5378800000.0,,-209100000.0,,5169800000.0,1297200000.0,3872599700.0,,3817899900.0,17.16,0.8821,0.4786,0.46,0.3397,0.3078,6011800000.0,5378800000.0,17.3346,17.3673,17.3673,3865799800.0,3865799900.0,0.5349,0.3696,BIIB
2016-03-31 00:00:00,10935600000.0,1241000100.0,9694600000.0,1989600000.0,2050000000.0,5151400000.0,,-161500000.0,,4990000000.0,1236100000.0,3753899700.0,,3695399900.0,16.31,0.8865,0.4711,0.4563,0.3379,0.3162,5753600000.0,5151400000.0,16.4797,16.5126,16.5126,3742199700.0,3742199900.0,0.5261,0.3843,BIIB
2015-12-31 00:00:00,10763800000.0,1240400100.0,9523400000.0,2012800000.0,2113100000.0,4891000000.0,,-123700000.0,,4767300000.0,1161600000.0,3605699700.0,-12500000.0,3546999900.0,15.37,0.8848,0.4544,0.4429,0.3295,0.3003,5491400000.0,4891000000.0,15.5415,15.5752,15.5752,3593199700.0,3593199900.0,0.5102,0.3641,BIIB
2015-09-30 00:00:00,10565150000.0,1205729000.0,9359421000.0,1971169200.0,2103667900.0,4882849000.0,,-50070000.0,,4832479000.0,1172691000.0,3659788300.0,-12668000.0,3598880200.0,15.35,0.8859,0.4622,0.4574,0.3406,0.2849,5484541000.0,4882849000.0,15.5136,15.5486,15.5486,3647119800.0,3647119900.0,0.5191,0.3416,BIIB
2015-06-30 00:00:00,10298696000.0,1198368000.0,9100328000.0,1868443200.0,2196303900.0,4663527000.0,,-50960000.0,,4612367000.0,1117365000.0,3495002300.0,-11262000.0,3490138200.0,14.82,0.8836,0.4528,0.4479,0.3389,0.3136,5289025000.0,4663527000.0,14.7432,14.7823,14.7823,3483739800.0,3483739900.0,0.5136,0.3522,BIIB
2015-03-31 00:00:00,10128548000.0,1204155000.0,8924393000.0,1825016200.0,2281025900.0,4419152000.0,,-35199000.0,,4383753000.0,1093386000.0,3290367300.0,-8295000.0,3277344200.0,13.9,0.8811,0.4363,0.4328,0.3236,0.3198,5064189000.0,4419152000.0,13.8656,13.9076,13.9076,3282071900.0,3282071900.0,0.5,0.3525,BIIB
2014-12-31 00:00:00,9703299000.0,1171000000.0,8532299000.0,1893400200.0,2232299900.0,3972499900.0,,-25800000.0,,3946600000.0,989900000.0,2956700300.0,-15100000.0,2934800200.0,12.43,0.8793,0.4094,0.4067,0.3025,-0.0656,4660599900.0,3972499900.0,12.4012,12.4434,12.4434,2941599900.0,2941599900.0,0.4803,0.3032,BIIB
2014-09-30 00:00:00,9028500000.0,1132298000.0,7896202000.0,1815611000.0,2181638000.0,3470467800.0,,-22405000.0,,3448163100.0,911956000.0,2536207100.0,-19862000.0,2508585000.0,10.62,0.8746,0.3844,0.3819,0.2779,0.2901,4159318800.0,3470468200.0,10.5992,10.6422,10.6426,2516345200.0,2516245000.0,0.4607,0.3188,BIIB
2014-06-30 00:00:00,8344834000.0,1064355000.0,7280479000.0,1808454000.0,2016786000.0,3002420800.0,,-10755000.0,,2991766100.0,823287000.0,2168479100.0,-20638000.0,2139343000.0,9.05,0.8725,0.3598,0.3585,0.2564,0.2827,3663342800.0,3002421200.0,9.0323,9.0747,9.0751,2147841200.0,2147741000.0,0.439,0.3159,BIIB
2014-03-31 00:00:00,7646855000.0,1003196000.0,6643659000.0,1688644000.0,1871176000.0,2676222900.0,,-26044000.0,,2650279100.0,713906000.0,1936373100.0,-20994000.0,1915507000.0,8.1,0.8688,0.35,0.3466,0.2505,0.262,3301432900.0,2676223300.0,8.0415,8.0852,8.0856,1915379200.0,1915279000.0,0.4317,0.297,BIIB
2013-12-31 00:00:00,6932200000.0,857700000.0,6074500000.0,1444100000.0,1712100000.0,2515400000.0,,-34900000.0,,2480600100.0,601000000.0,1879600100.0,-17200000.0,1862300000.0,7.87,0.8763,0.3629,0.3578,0.2686,0.3028,3047100000.0,2515400400.0,7.8154,7.8611,7.8615,1862400200.0,1862300000.0,0.4396,0.3383,BIIB
2013-09-30 00:00:00,6384291000.0,733000000.0,5651291000.0,1367000900.0,1565172000.0,2303089000.0,,-43815000.0,,2259274000.0,547094000.0,1712180000.0,-15019000.0,1697160900.0,7.16,0.8852,0.3607,0.3539,0.2658,0.2737,2773322100.0,2303088800.0,7.1159,7.1589,7.1589,1697161100.0,1697160900.0,0.4344,0.3108,BIIB
2013-06-30 00:00:00,5942065000.0,637662000.0,5304403000.0,1261200900.0,1459219000.0,2153808000.0,,-43723000.0,,2110085000.0,492033000.0,1618052000.0,-10107000.0,1607944900.0,6.78,0.8927,0.3625,0.3551,0.2706,0.2759,2570767100.0,2153807800.0,6.7432,6.7869,6.7869,1607945100.0,1607944900.0,0.4326,0.312,BIIB
2013-03-31 00:00:00,5639543000.0,546046000.0,5093497000.0,1263296900.0,1329974000.0,1997004000.0,,-30345000.0,,1966659000.0,453914000.0,1512745000.0,-8329000.0,1504120900.0,6.33,0.9032,0.3541,0.3487,0.2667,0.143,2376160100.0,1997003800.0,6.2969,6.3407,6.3407,1504416100.0,1504415900.0,0.4213,0.3306,BIIB
2012-12-31 00:00:00,5516461000.0,545494000.0,4970967000.0,1334918900.0,1277465000.0,1855849100.0,,-744000.0,,1855105000.0,470554000.0,1384551000.0,-4518000.0,1380032900.0,5.79,0.9011,0.3364,0.3363,0.2502,0.2946,2221497200.0,1855848900.0,5.7564,5.8,5.8,1380033100.0,1380032900.0,0.4027,0.3408,BIIB
