Date,Revenue,Cost of Revenue,Gross Profit,SG&A Expenses,Operating Income,Interest Expense (Operating),Non-operating Income/Expense,Non-operating Interest Expenses,Investment Gain/Loss (Other),EBT,Income Tax Provision,Income after Tax,Net Income Common,EPS (Basic),Gross Margin,EBIT Margin,EBT margin,Net Profit Margin,Free Cash Flow Margin,EBITDA,EBIT,"EPS (Diluted, from Cont. Ops)","EPS (Diluted, from Disc. Ops)","EPS (Basic, Consolidated)","EPS (Basic, from Discontinued Ops)","EPS (Basic, from Continuous Ops)",Income from Continuous Operations,Income from Discontinued Operations,Consolidated Net Income/Loss,EBITDA Margin,Operating Cash Flow Margin,Ticker
2022-08-31 00:00:00,11787000000.0,8922000000.0,2865000000.0,1924300000.0,1018700300.0,382000000.0,669000000.0,3000000.0,174300000.0,637000000.0,235000000.0,400699900.0,575000000.0,1.19,0.2431,0.0864,0.054,0.0488,0.0749,2078000000.0,1018700600.0,1.192,,1.1974,,1.1974,575000000.0,,575000000.0,0.1763,0.1101,CAG
2022-05-31 00:00:00,11536000000.0,8684000000.0,2852000000.0,1477700000.0,1413300400.0,379000000.0,317000000.0,2000000.0,145300000.0,1034000000.0,291000000.0,742899900.0,888000000.0,1.84,0.2472,0.1225,0.0896,0.077,0.0635,2098000000.0,1413300700.0,1.842,,1.8493,,1.8493,888200000.0,,889000000.0,0.1819,0.1021,CAG
2022-02-28 00:00:00,11365500000.0,8503800000.0,2861699700.0,1413700000.0,1479899600.0,376000000.0,58600000.0,99400000.0,131200000.0,1098300000.0,188800000.0,909200100.0,1038500000.0,2.15,0.2518,0.1302,0.0966,0.0914,0.0613,1907799500.0,1479900300.0,2.1581,,2.1674,,2.1674,1040400100.0,,1040900000.0,0.1679,0.1012,CAG
2021-11-30 00:00:00,11222600000.0,8295500000.0,2927099800.0,1385400000.0,1566999700.0,384000000.0,-89000000.0,199000000.0,104600000.0,1179100000.0,180400000.0,998600100.0,1101900000.0,2.28,0.2608,0.1396,0.1051,0.0982,0.064,1983799600.0,1567000400.0,2.2818,,2.2916,,2.2916,1103200100.0,,1103600000.0,0.1768,0.1059,CAG
2021-08-31 00:00:00,11158800000.0,8091800000.0,3066999700.0,1397700000.0,1686399600.0,396000000.0,-245700000.0,306700000.0,98100000.0,1285300000.0,177100000.0,1108700100.0,1204800000.0,2.48,0.2749,0.1511,0.1152,0.108,0.0727,2099499500.0,1686400300.0,2.4824,,2.4929,,2.4929,1206800100.0,,1207100000.0,0.1881,0.1186,CAG
2021-05-31 00:00:00,11184700000.0,8005500000.0,3179199700.0,1403000000.0,1830699500.0,416000000.0,-420400000.0,420400000.0,84400000.0,1410300000.0,193800000.0,1216500100.0,1298800000.0,2.66,0.2842,0.1637,0.1261,0.1161,0.0862,2218399500.0,1830700200.0,2.6669,,2.6778,,2.6778,1300900100.0,,1300900000.0,0.1983,0.1313,CAG
2021-02-28 00:00:00,11733101000.0,8352800000.0,3380300800.0,1499700000.0,1894501200.0,448000000.0,-447300000.0,447300000.0,73900000.0,1447200000.0,328800000.0,1118400100.0,1190699900.0,2.43,0.2881,0.1615,0.1233,0.1015,0.1288,2280501200.0,1894501000.0,2.4353,,2.4442,,2.4442,1192300000.0,,1192300000.0,0.1944,0.171,CAG
2020-11-30 00:00:00,11517001000.0,8210700000.0,3306300700.0,1509900000.0,1813001000.0,464000000.0,-464400000.0,464400000.0,62800000.0,1348600000.0,296100000.0,1052500100.0,1113699900.0,2.27,0.2871,0.1574,0.1171,0.0967,0.1301,2201501000.0,1813000800.0,2.2764,,2.2842,,2.2842,1115300000.0,,1115300000.0,0.1912,0.1699,CAG
2020-08-31 00:00:00,11342601000.0,8127300000.0,3215300800.0,1522000000.0,1707501200.0,,-478100000.0,478100000.0,67400000.0,1229400000.0,299500000.0,929900100.0,995299900.0,2.03,0.2835,0.1505,0.1084,0.0877,0.1345,2094901300.0,1707501000.0,2.0388,,2.0449,,2.0449,997300000.0,,997300000.0,0.1847,0.1693,CAG
2020-05-31 00:00:00,11054401000.0,7984800000.0,3069600800.0,1622500000.0,1457001200.0,,-487100000.0,487100000.0,73200000.0,969900000.0,201300000.0,768600100.0,840099900.0,1.72,0.2777,0.1318,0.0877,0.076,0.1345,1845901300.0,1457001000.0,1.7228,,1.7275,,1.7275,841800000.0,,841800000.0,0.167,0.1667,CAG
2020-02-29 00:00:00,10379701000.0,7524900000.0,2854801100.0,1485200100.0,1412200700.0,,-492700000.0,492700000.0,59500000.0,919500000.0,213300000.0,706200000.0,765200000.0,1.57,0.275,0.1361,0.0886,0.0737,0.0873,1805100800.0,1412200300.0,1.5693,,1.5734,,1.5698,765700000.0,,765700000.0,0.1739,0.1229,CAG
2019-11-30 00:00:00,10531801000.0,7609100000.0,2922701100.0,1499400100.0,1459300800.0,,-505900000.0,505900000.0,61800000.0,953400000.0,211600000.0,741800000.0,802800000.0,1.65,0.2775,0.1386,0.0905,0.0762,0.0853,1845400900.0,1459300400.0,1.6505,,1.6524,,1.6498,803600000.0,,803600000.0,0.1752,0.1226,CAG
2019-08-31 00:00:00,10094701000.0,7292700000.0,2802001100.0,1616900100.0,1219500600.0,,-465100000.0,465100000.0,71900000.0,754400000.0,149900000.0,604500000.0,673900000.0,1.43,0.2776,0.1208,0.0747,0.0668,0.0862,1585500600.0,1219500200.0,1.435,,1.4311,,1.4332,676400000.0,,674500000.0,0.1571,0.1226,CAG
2019-05-31 00:00:00,9538401000.0,6885400000.0,2653001100.0,1473400100.0,1214700600.0,,-391400000.0,391400000.0,75800000.0,823300000.0,218800000.0,604500000.0,678300000.0,1.52,0.2781,0.1273,0.0863,0.0711,0.0833,1547700600.0,1214700200.0,1.53,,1.5279,0.0254,1.53,680300000.0,,678400000.0,0.1623,0.118,CAG
2019-02-28 00:00:00,8891400000.0,6371000000.0,2520400400.0,1540600100.0,1029899800.0,,-305000000.0,305000000.0,84300000.0,724900000.0,183500000.0,541399900.0,621400000.0,1.44,0.2835,0.1158,0.0815,0.0699,0.0647,1326099800.0,1029899800.0,1.4522,,1.4462,,1.4549,625700000.0,,623500000.0,0.1491,0.0976,CAG
2018-11-30 00:00:00,8178800000.0,5811900000.0,2366900400.0,1558600100.0,870499900.0,,-213900000.0,213900000.0,100600000.0,656600000.0,24900000.0,631699900.0,742200000.0,1.85,0.2894,0.1064,0.0803,0.0907,0.0676,1138799900.0,870499900.0,1.8222,0.0207,1.8585,0.0207,1.8249,732300000.0,12700000.0,744600000.0,0.1392,0.0973,CAG
2018-08-31 00:00:00,7968500000.0,5620500000.0,2348000300.0,1396100100.0,1021900000.0,,-171300000.0,171300000.0,83500000.0,850600000.0,112000000.0,738599900.0,834100000.0,2.09,0.2947,0.1282,0.1067,0.1047,0.0802,1277900000.0,1021900000.0,2.0422,,2.0955,,2.0549,822100000.0,,836700000.0,0.1604,0.1146,CAG
2018-05-31 00:00:00,7938300000.0,5586800000.0,2351500300.0,1398400100.0,1033500000.0,,-158700000.0,158700000.0,97300000.0,874800000.0,174600000.0,700199900.0,808400000.0,2.01,0.2962,0.1302,0.1102,0.1018,0.0895,1290500000.0,1033500000.0,1.95,0.03,2.0099,0.03,1.97,797500000.0,14300000.0,811800000.0,0.1626,0.1202,CAG
2018-02-28 00:00:00,7833800000.0,5527000000.0,2306799700.0,1411200000.0,1010800400.0,,-151700000.0,151700000.0,98700000.0,859100000.0,77300000.0,781800000.0,890100000.0,2.19,0.2945,0.129,0.1097,0.1136,0.1168,1272400400.0,1010800200.0,2.13,0.0187,2.1954,0.0303,2.16,880500000.0,12900000.0,893400000.0,0.1624,0.1488,CAG
2017-11-30 00:00:00,7820500000.0,5491500000.0,2328999700.0,1408800000.0,1013500300.0,,-157600000.0,157600000.0,91500000.0,855900000.0,236600000.0,619300000.0,707000000.0,1.7,0.2978,0.1296,0.1094,0.0904,0.1036,1277000300.0,1013500100.0,1.67,-0.0097,1.7015,0.0003,1.7,710800000.0,-900000.0,709900000.0,0.1633,0.1341,CAG
2017-08-31 00:00:00,7735500000.0,5417300000.0,2318199700.0,1501900000.0,892100200.0,,-173700000.0,173700000.0,88100000.0,718400000.0,205500000.0,512900000.0,605600000.0,1.43,0.2997,0.1153,0.0929,0.0783,0.0994,1157600100.0,892100000.0,1.39,0.0093,1.4368,0.0193,1.41,601000000.0,10300000.0,611300000.0,0.1496,0.1267,CAG
2017-05-31 00:00:00,7826900000.0,5483100000.0,2343799700.0,1474000000.0,925000200.0,,-195500000.0,195500000.0,71200000.0,729500000.0,254700000.0,474800000.0,639300000.0,1.48,0.2995,0.1182,0.0932,0.0817,0.1203,1193000100.0,925000000.0,1.25,0.21,1.5003,0.22,1.26,546000000.0,102000000.0,648000000.0,0.1524,0.1495,CAG
2017-02-28 00:00:00,7276300000.0,5022899800.0,2253400200.0,1688299900.0,565099900.0,,-217900000.0,217900000.0,55000000.0,347200000.0,200200000.0,147000000.0,609100000.0,1.39,0.3097,0.0777,0.0477,0.0837,0.1554,832799800.0,565099500.0,0.46,0.9316,1.4398,0.95,0.46,202000000.0,415000000.0,617000000.0,0.1145,0.1879,CAG
2016-11-30 00:00:00,7494400000.0,5242199800.0,2252200200.0,1785599900.0,466599900.0,,-248600000.0,248600000.0,41800000.0,218000000.0,165900000.0,52100000.0,630500000.0,1.43,0.3005,0.0623,0.0291,0.0841,0.1594,737399900.0,466599500.0,0.21,1.23,1.4959,1.24,0.21,93900000.0,549200000.0,643100000.0,0.0984,0.1934,CAG
2016-08-31 00:00:00,7764800000.0,5492099800.0,2272700300.0,1850899900.0,421800000.0,,-273700000.0,273700000.0,42200000.0,148100000.0,130600000.0,17500000.0,663300000.0,1.51,0.2927,0.0543,0.0191,0.0854,0.1652,675800100.0,421799600.0,0.13,1.38,1.5755,1.4,0.13,59700000.0,616800000.0,676500000.0,0.087,0.1921,CAG
2016-05-31 00:00:00,8664100000.0,6234899800.0,2429200200.0,2024599900.0,404600000.0,,-295800000.0,295800000.0,66100000.0,108800000.0,46400000.0,62400000.0,-677000000.0,-1.79,0.2804,0.0467,0.0126,-0.0781,0.1174,683100100.0,404599600.0,0.29,-1.85,-1.5329,-1.86,0.29,128500000.0,-794400000.0,-665900000.0,0.0788,0.1453,CAG
2016-02-29 00:00:00,7580300300.0,5363300000.0,2217000200.0,1572900000.0,644100800.0,,-322300000.0,322300000.0,50000000.0,321800000.0,128800000.0,193000000.0,-587600000.0,-1.57,0.2925,0.085,0.0425,-0.0775,0.1767,855500900.0,644100500.0,0.56,-1.92,-1.3497,-1.95,0.56,243000000.0,-818300000.0,-575300000.0,0.1129,0.1982,CAG
2015-11-30 00:00:00,8288300300.0,5971100000.0,2317200200.0,1486200000.0,831000800.0,,-325700000.0,325700000.0,74400000.0,505300000.0,195800000.0,309500000.0,-1743200000.0,-4.26,0.2796,0.1003,0.061,-0.2103,0.1507,1065400700.0,831000500.0,0.89,-4.92,-4.0538,-4.97,0.89,383900000.0,-2118200000.0,-1734300000.0,0.1285,0.1736,CAG
2015-08-31 00:00:00,9065900300.0,6659400000.0,2406500000.0,1395000000.0,1011500600.0,,-325200000.0,325200000.0,90800000.0,686300000.0,254600000.0,431700000.0,-1888600000.0,-4.6,0.2654,0.1116,0.0757,-0.2083,0.1227,1291800500.0,1011500300.0,1.2,-5.56,-4.3836,-5.63,1.21,522500000.0,-2400200000.0,-1877700000.0,0.1425,0.1505,CAG
2015-05-31 00:00:00,9034000300.0,6737800000.0,2296200100.0,1383400000.0,912800600.0,,-328200000.0,328200000.0,79400000.0,584600000.0,212700000.0,371900000.0,-252600000.0,-0.58,0.2542,0.101,0.0647,-0.028,0.1404,1197400500.0,912800300.0,1.04,-1.63,-0.565,-1.65,1.05,451300000.0,-692100000.0,-240800000.0,0.1325,0.1665,CAG
2015-02-28 00:00:00,12766100000.0,9854500000.0,2911599800.0,2297800000.0,613800100.0,,-334900000.0,334900000.0,104700000.0,278900000.0,252600000.0,26300000.0,-787300000.0,-1.84,0.2281,0.0481,0.0218,-0.0617,0.0905,824700000.0,613800100.0,0.25,-2.09,-1.8118,-2.1,0.26,131000000.0,-904700000.0,-773700000.0,0.0646,0.1051,CAG
2014-11-30 00:00:00,13806100000.0,10691400000.0,3114699900.0,2472400000.0,642300100.0,,-350100000.0,350100000.0,82800000.0,292200000.0,230200000.0,62000000.0,401000000.0,0.95,0.2256,0.0465,0.0212,0.029,0.0838,910500100.0,642300100.0,0.28,0.64,0.9812,0.65,0.3,144800000.0,271100000.0,415900000.0,0.0659,0.1017,CAG
2014-08-31 00:00:00,14890800000.0,11573600000.0,3317200100.0,2633500000.0,683700500.0,,-366900000.0,366900000.0,54000000.0,316800000.0,234300000.0,82500000.0,639800000.0,1.52,0.2228,0.0459,0.0213,0.043,0.0826,994500500.0,683700500.0,0.27,1.21,1.5432,1.23,0.29,136500000.0,515900000.0,652400000.0,0.0668,0.1099,CAG
2014-05-31 00:00:00,15843600000.0,12325100000.0,3518500200.0,2777800000.0,740700700.0,,-379400000.0,379400000.0,32500000.0,361300000.0,220100000.0,141200000.0,301800000.0,0.72,0.2221,0.0468,0.0228,0.019,0.0724,1095300700.0,740700700.0,0.35,0.35,0.7498,0.34,0.38,173700000.0,141400000.0,315100000.0,0.0691,0.099,CAG
2014-02-28 00:00:00,14490200000.0,11051400000.0,3438799500.0,2136000000.0,1302799300.0,,-389200000.0,389200000.0,25500000.0,913599900.0,263800000.0,649800000.0,817400000.0,1.95,0.2373,0.0899,0.063,0.0564,0.0698,1850799300.0,1302799300.0,1.53,0.381,1.9716,0.3722,1.58,675300000.0,155200000.0,830500000.0,0.1277,0.1103,CAG
2013-11-30 00:00:00,14376700000.0,10990100000.0,3386599500.0,2212800000.0,1173799500.0,,-364800000.0,364800000.0,26400000.0,808999900.0,263300000.0,545700000.0,703600000.0,1.68,0.2356,0.0816,0.0563,0.0489,0.0665,1684899500.0,1173799500.0,1.29,0.361,1.7097,0.3434,1.34,572100000.0,144900000.0,717000000.0,0.1172,0.1055,CAG
2013-08-31 00:00:00,13882800000.0,10594400000.0,3288399400.0,2153500000.0,1134899100.0,,-322700000.0,322700000.0,34000000.0,812199900.0,267000000.0,545200000.0,666500000.0,1.61,0.2369,0.0817,0.0585,0.048,0.0559,1602099100.0,1134899100.0,1.33,0.251,1.6437,0.2409,1.37,579200000.0,101900000.0,681100000.0,0.1154,0.0904,CAG
2013-05-31 00:00:00,13469300000.0,10104400000.0,3364899400.0,2065900000.0,1298999000.0,,-276200000.0,276200000.0,37500000.0,1022799900.0,361900000.0,660900000.0,772300000.0,1.88,0.2498,0.0964,0.0759,0.0573,0.0655,1717599000.0,1298999000.0,1.64,0.21,1.9136,0.2099,1.67,698400000.0,87700000.0,786100000.0,0.1275,0.1048,CAG
2013-02-28 00:00:00,14261399000.0,10997900000.0,3263499500.0,2334100100.0,929399400.0,,-224100000.0,224100000.0,47000000.0,705300000.0,249200000.0,456100000.0,494300000.0,1.21,0.2288,0.0652,0.0495,0.0347,0.0478,1321299400.0,929400100.0,1.1917,0.0188,1.2541,0.0175,1.1925,503100000.0,5500000.0,508600000.0,0.0926,0.0739,CAG
2012-11-30 00:00:00,13823599000.0,10644400000.0,3179199500.0,2079100100.0,1100099300.0,,-203200000.0,203200000.0,47600000.0,896900000.0,283600000.0,613300000.0,654300000.0,1.58,0.23,0.0796,0.0649,0.0473,0.0745,1469799300.0,1100100000.0,1.58,0.009,1.6311,0.0165,1.58,660900000.0,5000000.0,665900000.0,0.1063,0.1107,CAG
