Date,Revenue,Cost of Revenue,Gross Profit,SG&A Expenses,Operating Income,Interest Expense (Operating),Non-operating Income/Expense,Non-operating Interest Expenses,EBT,Income Tax Provision,Income after Tax,Net Income Common,EPS (Basic),Gross Margin,EBIT Margin,EBT margin,Net Profit Margin,Free Cash Flow Margin,EBITDA,EBIT,"EPS (Diluted, from Cont. Ops)","EPS (Diluted, from Disc. Ops)","EPS (Basic, Consolidated)","EPS (Basic, from Discontinued Ops)","EPS (Basic, from Continuous Ops)",Income from Continuous Operations,Income from Discontinued Operations,Consolidated Net Income/Loss,EBITDA Margin,Operating Cash Flow Margin,Ticker
2022-09-30 00:00:00,186999000000.0,180786000000.0,6213000000.0,4640000000.0,-874000000.0,139000000.0,-1998000000.0,134000000.0,-1028000000.0,65000000.0,-1093000000.0,-1094000000.0,-3.99,0.0332,-0.0047,-0.0055,-0.0059,0.0184,2268000000.0,-874000000.0,-3.875,,-3.8786,,-3.8786,-1093000000.0,,-1093000000.0,0.0121,0.0203,CAH
2022-06-30 00:00:00,181364000000.0,175130000000.0,6234000000.0,4557000000.0,-596000000.0,154000000.0,-1834000000.0,149000000.0,-769000000.0,163000000.0,-932000000.0,-933000000.0,-3.45,0.0344,-0.0033,-0.0042,-0.0051,0.0153,2447000000.0,-596000000.0,-3.3404,,-3.3405,,-3.3405,-932000000.0,,-932000000.0,0.0135,0.0172,CAH
2022-03-31 00:00:00,176847000000.0,170667000000.0,6180000000.0,4531000000.0,-470000000.0,159000000.0,-1608000000.0,159000000.0,-622000000.0,332000000.0,-954000000.0,-955000000.0,-3.55,0.0349,-0.0027,-0.0035,-0.0054,0.0025,2236000000.0,-470000000.0,-3.5375,,-3.5256,,-3.5256,-954000000.0,,-954000000.0,0.0126,0.0045,CAH
2021-12-31 00:00:00,171286000000.0,164898000000.0,6388000000.0,4514000000.0,100000000.0,166000000.0,-1268000000.0,166000000.0,-45000000.0,-601000000.0,556000000.0,555000000.0,1.92,0.0373,0.0006,-0.0003,0.0032,0.0066,2260000000.0,100000000.0,1.9252,,1.9399,,1.9399,556000000.0,,556000000.0,0.0132,0.0087,CAH
2021-09-30 00:00:00,167370000000.0,160743000000.0,6627000000.0,4510000000.0,1511000000.0,175000000.0,-57000000.0,175000000.0,1355000000.0,218000000.0,1137000000.0,1135000000.0,3.89,0.0396,0.009,0.0081,0.0068,0.0067,2370000000.0,1511000000.0,3.8864,,3.9072,,3.9072,1137000000.0,,1137000000.0,0.0142,0.009,CAH
2021-06-30 00:00:00,162467000000.0,155689000000.0,6778000000.0,4533000000.0,472000000.0,180000000.0,-149000000.0,180000000.0,323000000.0,-289000000.0,612000000.0,611000000.0,2.09,0.0417,0.0029,0.002,0.0038,0.0125,1255000000.0,472000000.0,2.0817,,2.096,,2.096,612000000.0,,612000000.0,0.0077,0.015,CAH
2021-03-31 00:00:00,156570000000.0,149677000000.0,6893000000.0,4541000000.0,580000000.0,185000000.0,439000000.0,185000000.0,1019000000.0,-135000000.0,1154000000.0,1151000000.0,3.94,0.044,0.0037,0.0065,0.0074,0.0102,1408000000.0,580000000.0,3.759,,3.7558,,3.7558,1154000000.0,,1154000000.0,0.009,0.0128,CAH
2020-12-31 00:00:00,156452000000.0,149486000000.0,6966000000.0,4586000000.0,669000000.0,200000000.0,388000000.0,200000000.0,1057000000.0,-328000000.0,1385000000.0,1382000000.0,4.73,0.0445,0.0043,0.0068,0.0088,0.0192,1522000000.0,669000000.0,4.5447,,4.5469,,4.5469,1385000000.0,,1385000000.0,0.0097,0.0218,CAH
2020-09-30 00:00:00,154646000000.0,147742000000.0,6904000000.0,4602000000.0,542000000.0,217000000.0,367000000.0,217000000.0,909000000.0,-66000000.0,975000000.0,973000000.0,3.34,0.0446,0.0035,0.0059,0.0063,0.0162,1426000000.0,542000000.0,3.1574,,3.1574,,3.1574,975000000.0,,975000000.0,0.0092,0.0186,CAH
2020-06-30 00:00:00,152922000000.0,146054000000.0,6868000000.0,4572000000.0,-4098000000.0,,326000000.0,238000000.0,-3772000000.0,-79000000.0,-3693000000.0,-3696000000.0,-12.45,0.0449,-0.0268,-0.0247,-0.0242,0.0104,-3185000000.0,-4098000000.0,-12.6041,,-12.6041,,-12.6041,-3693000000.0,,-3693000000.0,-0.0208,0.0128,CAH
2020-03-31 00:00:00,153586000000.0,146635000000.0,6951000000.0,4599000000.0,-4060000000.0,,-289000000.0,255000000.0,-4349000000.0,-193000000.0,-4156000000.0,-4158000000.0,-14.05,0.0453,-0.0264,-0.0283,-0.0271,0.0121,-3131000000.0,-4060000000.0,-14.0157,,-14.0001,,-14.0001,-4156000000.0,,-4156000000.0,-0.0204,0.0145,CAH
2019-12-31 00:00:00,149657000000.0,142827000000.0,6830000000.0,4531000000.0,-4190000000.0,,-267000000.0,270000000.0,-4457000000.0,-246000000.0,-4211000000.0,-4212000000.0,-14.26,0.0456,-0.028,-0.0298,-0.0281,0.0112,-3224000000.0,-4190000000.0,-14.2196,,-14.2089,,-14.2089,-4211000000.0,,-4211000000.0,-0.0215,0.0136,CAH
2019-09-30 00:00:00,147662000000.0,140816000000.0,6846000000.0,4432000000.0,-4020000000.0,,-309000000.0,283000000.0,-4329000000.0,-179000000.0,-4150000000.0,-4152000000.0,-14.07,0.0464,-0.0272,-0.0293,-0.0281,0.0092,-3031000000.0,-4020000000.0,-14.0312,,-14.0225,,-14.0225,-4150000000.0,,-4150000000.0,-0.0205,0.0115,CAH
2019-06-30 00:00:00,145534000000.0,138700000000.0,6834000000.0,4480000000.0,2060000000.0,,-309000000.0,294000000.0,1751000000.0,386000000.0,1365000000.0,1363000000.0,4.53,0.047,0.0142,0.012,0.0094,0.0164,3060000000.0,2060000000.0,4.535,,4.55,,4.55,1365000000.0,,1365000000.0,0.021,0.0187,CAH
2019-03-31 00:00:00,143530000000.0,136634000000.0,6896000000.0,4587000000.0,671000000.0,,-345000000.0,305000000.0,326000000.0,321000000.0,5000000.0,2000000.0,0.12,0.048,0.0047,0.0023,0.0,0.017,1683000000.0,671000000.0,0.1804,,0.1803,,0.1803,5000000.0,,5000000.0,0.0117,0.0193,CAH
2018-12-31 00:00:00,141935000000.0,134890000000.0,7045000000.0,4622000000.0,785000000.0,,-365000000.0,314000000.0,420000000.0,456000000.0,-36000000.0,-39000000.0,-0.06,0.0496,0.0055,0.003,-0.0003,0.0121,1795000000.0,785000000.0,-0.0001,,0.0017,,0.0017,-36000000.0,,-36000000.0,0.0126,0.0144,CAH
2018-09-30 00:00:00,139381000000.0,132205000000.0,7176000000.0,4689000000.0,680000000.0,,-350000000.0,325000000.0,330000000.0,-406000000.0,736000000.0,734000000.0,2.35,0.0515,0.0049,0.0024,0.0053,0.0113,1728000000.0,680000000.0,2.3955,,2.4048,,2.4048,736000000.0,,736000000.0,0.0124,0.014,CAH
2018-06-30 00:00:00,136809000000.0,129628000000.0,7181000000.0,4596000000.0,126000000.0,,-354000000.0,329000000.0,-228000000.0,-487000000.0,259000000.0,256000000.0,0.76,0.0525,0.0009,-0.0017,0.0019,0.0174,1158000000.0,126000000.0,0.8222,,0.8276,,0.8276,259000000.0,,259000000.0,0.0085,0.0202,CAH
2018-03-31 00:00:00,134426000000.0,127356000000.0,7070000000.0,4310000000.0,1645000000.0,,-311000000.0,319000000.0,1334000000.0,-369000000.0,1703000000.0,1697000000.0,5.39,0.0526,0.0122,0.0099,0.0126,0.0193,2616000000.0,1645000000.0,5.3738,,5.4134,,5.4134,1703000000.0,,1703000000.0,0.0195,0.0219,CAH
2017-12-31 00:00:00,132614000000.0,125729000000.0,6885000000.0,4138000000.0,1704000000.0,,-270000000.0,281000000.0,1434000000.0,-396000000.0,1830000000.0,1823000000.0,5.79,0.0519,0.0128,0.0108,0.0137,0.0124,2602000000.0,1704000000.0,5.7656,,5.8076,,5.8076,1830000000.0,,1830000000.0,0.0196,0.015,CAH
2017-09-30 00:00:00,130578000000.0,123952000000.0,6626000000.0,3917000000.0,1847000000.0,,-239000000.0,238000000.0,1608000000.0,507000000.0,1101000000.0,1094000000.0,3.46,0.0507,0.0141,0.0123,0.0084,0.0146,2620000000.0,1847000000.0,3.449,,3.4836,,3.4836,1101000000.0,,1101000000.0,0.0201,0.0173,CAH
2017-06-30 00:00:00,129976000000.0,123432000000.0,6544000000.0,3775000000.0,2120000000.0,,-196000000.0,201000000.0,1924000000.0,630000000.0,1294000000.0,1288000000.0,4.07,0.0503,0.0163,0.0148,0.0099,0.0061,2837000000.0,2120000000.0,4.0438,,4.0821,,4.0821,1294000000.0,,1294000000.0,0.0218,0.0091,CAH
2017-03-31 00:00:00,128394000000.0,121808000000.0,6586000000.0,3760000000.0,2302000000.0,,-177000000.0,179000000.0,2125000000.0,774000000.0,1351000000.0,1346000000.0,4.23,0.0513,0.0179,0.0166,0.0105,0.0049,3003000000.0,2302000000.0,4.2079,,4.2343,,4.2343,1351000000.0,,1351000000.0,0.0234,0.0086,CAH
2016-12-31 00:00:00,127235000000.0,120688000000.0,6547000000.0,3714000000.0,2353000000.0,,-180000000.0,177000000.0,2173000000.0,818000000.0,1355000000.0,1351000000.0,4.2,0.0515,0.0185,0.0171,0.0106,0.0135,3027000000.0,2353000000.0,4.1728,,4.2022,,4.2022,1355000000.0,,1355000000.0,0.0238,0.0174,CAH
2016-09-30 00:00:00,125530000000.0,118976000000.0,6554000000.0,3726000000.0,2374000000.0,,-172000000.0,178000000.0,2202000000.0,845000000.0,1357000000.0,1353000000.0,4.17,0.0522,0.0189,0.0175,0.0108,0.0211,3051000000.0,2374000000.0,4.139,,4.1742,,4.1742,1357000000.0,,1357000000.0,0.0243,0.0249,CAH
2016-06-30 00:00:00,121546000000.0,115003000000.0,6543000000.0,3648000000.0,2459000000.0,,-183000000.0,178000000.0,2276000000.0,845000000.0,1431000000.0,1427000000.0,4.37,0.0538,0.0202,0.0187,0.0117,0.0206,3100000000.0,2459000000.0,4.3364,,4.3761,,4.3761,1431000000.0,,1431000000.0,0.0255,0.0244,CAH
2016-03-31 00:00:00,117711000000.0,111376000000.0,6335000000.0,3525000000.0,2397000000.0,,-174000000.0,169000000.0,2223000000.0,835000000.0,1388000000.0,1390000000.0,4.23,0.0538,0.0204,0.0189,0.0118,0.0238,2977000000.0,2397000000.0,4.1778,,4.2272,,4.2176,1388000000.0,,1391000000.0,0.0253,0.0272,CAH
2015-12-31 00:00:00,112424000000.0,106319000000.0,6105000000.0,3414000000.0,2332000000.0,,-163000000.0,160000000.0,2169000000.0,802000000.0,1367000000.0,1369000000.0,4.15,0.0543,0.0207,0.0193,0.0122,0.0231,2869000000.0,2332000000.0,4.1044,,4.1565,,4.1469,1367000000.0,,1370000000.0,0.0255,0.0261,CAH
2015-09-30 00:00:00,106516000000.0,100566000000.0,5950000000.0,3307000000.0,2315000000.0,,-215000000.0,151000000.0,2100000000.0,770000000.0,1330000000.0,1332000000.0,4.03,0.0559,0.0217,0.0197,0.0125,0.02,2795000000.0,2315000000.0,3.9878,,4.0387,,4.0291,1330000000.0,,1333000000.0,0.0262,0.0228,CAH
2015-06-30 00:00:00,102531000000.0,96819000000.0,5712000000.0,3240000000.0,2161000000.0,,-194000000.0,141000000.0,1967000000.0,755000000.0,1212000000.0,1215000000.0,3.65,0.0557,0.0211,0.0192,0.0119,0.0224,2612000000.0,2161000000.0,3.6101,,3.6597,,3.6501,1212000000.0,,1215000000.0,0.0255,0.0248,CAH
2015-03-31 00:00:00,97876000000.0,92367000000.0,5509000000.0,3187000000.0,1990000000.0,,-189000000.0,138000000.0,1801000000.0,648000000.0,1153000000.0,1154000000.0,3.45,0.0563,0.0203,0.0184,0.0118,0.0218,2441000000.0,1990000000.0,3.4205,,3.4593,,3.4609,1153000000.0,,1154000000.0,0.0249,0.0244,CAH
2014-12-31 00:00:00,93928000000.0,88581000000.0,5347000000.0,3120000000.0,1907000000.0,,-157000000.0,137000000.0,1750000000.0,647000000.0,1103000000.0,1104000000.0,3.27,0.0569,0.0203,0.0186,0.0118,0.0246,2352000000.0,1907000000.0,3.2377,,3.2743,,3.2748,1103000000.0,,1104000000.0,0.025,0.0271,CAH
2014-09-30 00:00:00,90631000000.0,85393000000.0,5238000000.0,3071000000.0,1880000000.0,,-89000000.0,134000000.0,1791000000.0,702000000.0,1089000000.0,1093000000.0,3.21,0.0578,0.0207,0.0198,0.0121,0.0152,2330000000.0,1880000000.0,3.1624,,3.2141,,3.2017,1089000000.0,,1093000000.0,0.0257,0.018,CAH
2014-06-30 00:00:00,91084000000.0,85923000000.0,5161000000.0,3028000000.0,1885000000.0,,-87000000.0,133000000.0,1798000000.0,635000000.0,1163000000.0,1166000000.0,3.42,0.0567,0.0207,0.0197,0.0128,0.025,2344000000.0,1885000000.0,3.37,0.0129,3.4195,0.0129,3.41,1163000000.0,4000000.0,1166000000.0,0.0257,0.0277,CAH
2014-03-31 00:00:00,93610000000.0,88457000000.0,5153000000.0,3008000000.0,1056000000.0,,-96000000.0,136000000.0,960000000.0,616000000.0,344000000.0,347000000.0,1.01,0.055,0.0113,0.0103,0.0037,0.0201,1522000000.0,1056000000.0,0.99,,1.0129,,1.0,344000000.0,,347000000.0,0.0163,0.0225,CAH
2013-12-31 00:00:00,96735000000.0,91588000000.0,5147000000.0,2984000000.0,1023000000.0,,-123000000.0,136000000.0,900000000.0,525000000.0,375000000.0,377000000.0,1.1,0.0532,0.0106,0.0093,0.0039,0.0212,1478000000.0,1023000000.0,1.08,0.0071,1.1035,0.0071,1.09,375000000.0,2000000.0,377000000.0,0.0153,0.0235,CAH
2013-09-30 00:00:00,99727000000.0,94701000000.0,5026000000.0,2917000000.0,1010000000.0,,-119000000.0,130000000.0,891000000.0,488000000.0,403000000.0,402000000.0,1.18,0.0504,0.0101,0.0089,0.004,0.0192,1436000000.0,1010000000.0,1.17,-0.0058,1.1818,-0.0058,1.18,403000000.0,-2000000.0,402000000.0,0.0144,0.0212,CAH
2013-06-30 00:00:00,101093000000.0,96172000000.0,4921000000.0,2875000000.0,996000000.0,,-108000000.0,123000000.0,888000000.0,553000000.0,335000000.0,334000000.0,0.97,0.0487,0.0099,0.0088,0.0033,0.0152,1393000000.0,996000000.0,0.97,0.0042,0.9794,0.0042,0.98,335000000.0,0.0,334000000.0,0.0138,0.0171,CAH
2013-03-31 00:00:00,102437000000.0,97627000000.0,4810000000.0,2811000000.0,1842000000.0,,-96000000.0,112000000.0,1746000000.0,588000000.0,1158000000.0,1156000000.0,3.37,0.047,0.018,0.017,0.0113,0.0109,2203000000.0,1842000000.0,3.34,0.0013,3.3846,0.0013,3.38,1158000000.0,-3000000.0,1156000000.0,0.0215,0.0129,CAH
2012-12-31 00:00:00,104803000000.0,100077000000.0,4726000000.0,2782000000.0,1894000000.0,,-85000000.0,102000000.0,1809000000.0,665000000.0,1144000000.0,1144000000.0,3.32,0.0451,0.0181,0.0173,0.0109,0.0123,2239000000.0,1894000000.0,3.29,,3.3381,,3.33,1144000000.0,,1144000000.0,0.0214,0.0154,CAH
