Date,Revenue,Cost of Revenue,Gross Profit,SG&A Expenses,Operating Income,Non-operating Income/Expense,Non-operating Interest Expenses,EBT,Income Tax Provision,Income after Tax,Net Income Common,EPS (Basic),Gross Margin,EBIT Margin,EBT margin,Net Profit Margin,Free Cash Flow Margin,EBITDA,EBIT,"EPS (Diluted, from Cont. Ops)","EPS (Diluted, from Disc. Ops)","EPS (Basic, Consolidated)","EPS (Basic, from Discontinued Ops)","EPS (Basic, from Continuous Ops)",Income from Continuous Operations,Income from Discontinued Operations,Consolidated Net Income/Loss,EBITDA Margin,Operating Cash Flow Margin,Ticker
2022-09-30 00:00:00,6876000000.0,2072000000.0,4804000000.0,738000000.0,2335000000.0,67000000.0,493000000.0,1629000000.0,15000000.0,1614000000.0,1614000000.0,3.72,0.6987,0.3396,0.2369,0.2347,0.2202,4040000000.0,2335000000.0,3.72,,3.7294,,3.73,1614000000.0,,1614000000.0,0.5876,0.4031,CCI
2022-06-30 00:00:00,6748000000.0,2060000000.0,4688000000.0,718000000.0,2259000000.0,63000000.0,655000000.0,1565000000.0,19000000.0,1546000000.0,1546000000.0,3.56,0.6947,0.3348,0.2319,0.2291,0.2298,3948000000.0,2259000000.0,3.56,,3.5742,,3.57,1546000000.0,,1546000000.0,0.5851,0.4083,CCI
2022-03-31 00:00:00,6597000000.0,2040000000.0,4557000000.0,697000000.0,2171000000.0,-113000000.0,651000000.0,1478000000.0,20000000.0,1458000000.0,1459000000.0,3.36,0.6908,0.3291,0.224,0.2212,0.2357,3841000000.0,2171000000.0,3.36,,3.375,,3.37,1458000000.0,,1459000000.0,0.5822,0.4188,CCI
2021-12-31 00:00:00,6340000000.0,1993000000.0,4347000000.0,680000000.0,2001000000.0,-473000000.0,657000000.0,1179000000.0,21000000.0,1158000000.0,1096000000.0,2.67,0.6856,0.3156,0.186,0.1729,0.2461,3658000000.0,2001000000.0,2.67,-0.1484,2.537,-0.1484,2.68,1158000000.0,,1096000000.0,0.577,0.4399,CCI
2021-09-30 00:00:00,6179000000.0,1990000000.0,4189000000.0,685000000.0,2161000000.0,-655000000.0,662000000.0,1337000000.0,24000000.0,1313000000.0,1250000000.0,3.03,0.6779,0.3497,0.2164,0.2023,0.2852,3802000000.0,2161000000.0,3.04,,2.9103,,3.05,1313000000.0,,1251000000.0,0.6153,0.492,CCI
2021-06-30 00:00:00,6047000000.0,1965000000.0,4082000000.0,672000000.0,2069000000.0,-922000000.0,667000000.0,1147000000.0,22000000.0,1125000000.0,1062000000.0,2.6,0.675,0.3422,0.1897,0.1756,0.272,3701000000.0,2069000000.0,2.61,-0.1577,2.4795,-0.1577,2.62,1125000000.0,-64181000.0,1063000000.0,0.612,0.4989,CCI
2021-03-31 00:00:00,5904000000.0,1957000000.0,3947000000.0,667000000.0,1947000000.0,-933000000.0,684000000.0,1014000000.0,22000000.0,992000000.0,900000000.0,2.24,0.6685,0.3298,0.1717,0.1524,0.2553,3572000000.0,1947000000.0,2.25,2.79,2.186,2.8,2.26,992000000.0,922671000.0,929000000.0,0.605,0.5058,CCI
2020-12-31 00:00:00,5840000000.0,1969000000.0,3871000000.0,678000000.0,1863000000.0,-787000000.0,689000000.0,1076000000.0,20000000.0,1056000000.0,999000000.0,2.34,0.6628,0.319,0.1842,0.1711,0.245,3477000000.0,1863000000.0,2.35,,2.4964,,2.36,1056000000.0,,1056000000.0,0.5954,0.5231,CCI
2020-09-30 00:00:00,5773000000.0,1931000000.0,3842000000.0,650000000.0,1561000000.0,-782000000.0,694000000.0,779000000.0,22000000.0,757000000.0,672000000.0,1.6,0.6655,0.2704,0.1349,0.1164,0.194,3169000000.0,1561000000.0,1.4015,,1.8073,,1.404,757000000.0,,757000000.0,0.5489,0.4985,CCI
2020-06-30 00:00:00,5769000000.0,1959000000.0,3810000000.0,646000000.0,1550000000.0,-692000000.0,699000000.0,858000000.0,22000000.0,836000000.0,723000000.0,1.81,0.6604,0.2687,0.1487,0.1253,0.1664,3139000000.0,1550000000.0,1.6004,,2.0073,,1.6057,836000000.0,,836000000.0,0.5441,0.4992,CCI
2020-03-31 00:00:00,5776000000.0,1975000000.0,3801000000.0,637000000.0,1556000000.0,-684000000.0,690000000.0,872000000.0,20000000.0,852000000.0,739000000.0,1.92,0.6581,0.2694,0.151,0.1279,0.1411,3134000000.0,1556000000.0,1.7071,,2.0469,,1.7149,852000000.0,,852000000.0,0.5426,0.4915,CCI
2019-12-31 00:00:00,5763000000.0,1986000000.0,3777000000.0,614000000.0,1559000000.0,-678000000.0,683000000.0,881000000.0,21000000.0,860000000.0,747000000.0,1.98,0.6554,0.2705,0.1529,0.1296,0.1112,3132000000.0,1559000000.0,1.7899,,2.0673,,1.8,860000000.0,,860000000.0,0.5435,0.4682,CCI
2019-09-30 00:00:00,5703000000.0,1985000000.0,3718000000.0,603000000.0,1509000000.0,-674000000.0,674000000.0,835000000.0,20000000.0,815000000.0,702000000.0,2.0,0.6519,0.2646,0.1464,0.1231,0.1017,3076000000.0,1509000000.0,1.9522,,1.9644,,1.9644,815000000.0,,815000000.0,0.5394,0.4585,CCI
2019-06-30 00:00:00,5596000000.0,1944000000.0,3652000000.0,598000000.0,1445000000.0,-688000000.0,661000000.0,757000000.0,20000000.0,737000000.0,624000000.0,1.74,0.6526,0.2582,0.1353,0.1115,0.1147,3010000000.0,1445000000.0,1.7675,,1.7779,,1.7779,737000000.0,,737000000.0,0.5379,0.4675,CCI
2019-03-31 00:00:00,5479000000.0,1896000000.0,3583000000.0,581000000.0,1401000000.0,-679000000.0,650000000.0,722000000.0,21000000.0,701000000.0,588000000.0,1.59,0.654,0.2557,0.1318,0.1073,0.1298,2954000000.0,1401000000.0,1.6835,,1.6924,,1.6924,701000000.0,,701000000.0,0.5391,0.4672,CCI
2018-12-31 00:00:00,5370000000.0,1844000000.0,3526000000.0,563000000.0,1383000000.0,-742000000.0,642000000.0,641000000.0,19000000.0,622000000.0,509000000.0,1.36,0.6566,0.2575,0.1194,0.0948,0.1417,2917000000.0,1383000000.0,1.4987,,1.506,,1.506,622000000.0,,622000000.0,0.5432,0.4655,CCI
2018-09-30 00:00:00,5142000000.0,1779000000.0,3363000000.0,544000000.0,1245000000.0,-739000000.0,639000000.0,506000000.0,28000000.0,478000000.0,366000000.0,1.08,0.654,0.2421,0.0984,0.0712,0.1532,2750000000.0,1245000000.0,1.1361,,1.1372,,1.1372,478000000.0,,478000000.0,0.5348,0.4656,CCI
2018-06-30 00:00:00,4830000000.0,1693000000.0,3137000000.0,499000000.0,1147000000.0,-692000000.0,633000000.0,455000000.0,26000000.0,429000000.0,315000000.0,0.97,0.6495,0.2375,0.0942,0.0652,0.1646,2565000000.0,1147000000.0,1.0316,,1.0331,,1.0331,429000000.0,,429000000.0,0.5311,0.458,CCI
2018-03-31 00:00:00,4538000000.0,1612000000.0,2926000000.0,459000000.0,1061000000.0,-674000000.0,617000000.0,387000000.0,26000000.0,361000000.0,275000000.0,0.91,0.6448,0.2338,0.0853,0.0606,0.158,2396000000.0,1061000000.0,0.9049,,0.9071,,0.9071,361000000.0,,361000000.0,0.528,0.45,CCI
2017-12-31 00:00:00,4255000000.0,1543000000.0,2712000000.0,426000000.0,967000000.0,-575000000.0,591000000.0,392000000.0,26000000.0,366000000.0,308000000.0,1.03,0.6374,0.2273,0.0921,0.0724,0.1915,2217000000.0,967000000.0,0.9556,,0.958,,0.958,366000000.0,,366000000.0,0.521,0.4776,CCI
2017-09-30 00:00:00,4149191000.0,1517711000.0,2631480000.0,391092000.0,1036821900.0,-549883000.0,559344000.0,486939000.0,16203000.0,470736000.0,440727000.0,1.21,0.6342,0.2499,0.1174,0.1062,0.1888,2201803900.0,1036822000.0,1.2837,,1.2889,,1.2889,470736000.0,,470736000.0,0.5307,0.4568,CCI
2017-06-30 00:00:00,4078207000.0,1495689000.0,2582518000.0,381033000.0,1020075900.0,-547730000.0,535260000.0,472346000.0,18244000.0,454102000.0,443096000.0,1.25,0.6332,0.2501,0.1158,0.1086,0.1853,2170182000.0,1020076000.0,1.2847,,1.2892,,1.2892,454102000.0,,454102000.0,0.5321,0.4413,CCI
2017-03-31 00:00:00,4002616000.0,1471408000.0,2531208000.0,374419000.0,992260900.0,-546973000.0,522622000.0,445288000.0,17128000.0,428160000.0,406157000.0,1.16,0.6324,0.2479,0.1112,0.1015,0.2121,2124175000.0,992261000.0,1.2329,,1.2364,,1.2364,428160000.0,,428160000.0,0.5307,0.4475,CCI
2016-12-31 00:00:00,3921000000.0,1441000000.0,2480000000.0,371000000.0,948999900.0,-575000000.0,515000000.0,374000000.0,17000000.0,357000000.0,324000000.0,0.94,0.6325,0.242,0.0954,0.0826,0.2328,2072000000.0,949000000.0,1.047,,1.05,,1.05,357000000.0,,357000000.0,0.5284,0.4558,CCI
2016-09-30 00:00:00,3834645100.0,1390294000.0,2444351200.0,365949000.0,916918200.0,-571209000.0,514002000.0,345709000.0,-29280000.0,374989000.0,329342000.0,0.98,0.6374,0.2391,0.0902,0.0859,0.2459,2037225300.0,916918100.0,1.0777,,1.1138,,1.0895,374989000.0,,373329900.0,0.5313,0.4715,CCI
2016-06-30 00:00:00,3760736100.0,1358175000.0,2402561200.0,352707000.0,903466300.0,-560664000.0,513963000.0,342802000.0,-38122000.0,380924000.0,334755000.0,1.0,0.6389,0.2402,0.0912,0.089,0.2426,2009901200.0,903466200.0,1.067,,1.134,,1.0781,380924000.0,,378742900.0,0.5344,0.4769,CCI
2016-03-31 00:00:00,3697764100.0,1335887000.0,2361877200.0,334446000.0,913012300.0,-497770000.0,519067000.0,415242000.0,-46150000.0,461392000.0,1402057000.0,4.21,0.6387,0.2469,0.1123,0.3792,0.2374,2004860200.0,913012200.0,1.2828,,4.3448,,1.2932,461392000.0,,1447062900.0,0.5422,0.481,CCI
2015-12-31 00:00:00,3663851100.0,1321426000.0,2342425200.0,310921000.0,946180300.0,-472351000.0,527128000.0,473829000.0,-51457000.0,525286000.0,1477004000.0,4.44,0.6393,0.2582,0.1293,0.4031,0.2416,2019484200.0,946180200.0,1.44,2.98,4.5776,2.99,1.45,525286000.0,999049000.0,1524334900.0,0.5512,0.4897,CCI
2015-09-30 00:00:00,3609696100.0,1323731000.0,2285965100.0,287797000.0,949324200.0,-463059000.0,539852000.0,486265000.0,-15358000.0,501623000.0,1484008000.0,4.46,0.6333,0.263,0.1347,0.4111,0.2278,2014687100.0,949324100.0,1.3514,3.0584,4.6124,3.0784,1.3404,501623000.0,1034233000.0,1535856000.0,0.5581,0.4821,CCI
2015-06-30 00:00:00,3584472100.0,1322285000.0,2262187100.0,276310000.0,957574100.0,-474631000.0,551262000.0,482943000.0,-13534000.0,496477000.0,1487166000.0,4.47,0.6311,0.2671,0.1347,0.4149,0.2556,2019728100.0,957574000.0,1.3314,3.09,4.6258,3.1,1.3304,496477000.0,1043637000.0,1540114000.0,0.5635,0.5011,CCI
2015-03-31 00:00:00,3563277100.0,1324787000.0,2238490100.0,266503000.0,934021100.0,-591257000.0,561330000.0,342764000.0,-12491000.0,355255000.0,367815000.0,1.11,0.6282,0.2621,0.0962,0.1032,0.2452,1993126200.0,934021000.0,0.9014,0.17,1.2665,0.17,0.9004,355255000.0,65838000.0,421093000.0,0.5594,0.4746,CCI
2014-12-31 00:00:00,3538756100.0,1306606000.0,2232150100.0,257296000.0,940682200.0,-605612000.0,573291000.0,335070000.0,-11244000.0,346314000.0,346525000.0,1.04,0.6308,0.2658,0.0947,0.0979,0.2378,2007317200.0,940682100.0,0.91,,1.2001,,0.91,346314000.0,,398774000.0,0.5672,0.4522,CCI
2014-09-30 00:00:00,3288860900.0,1185152000.0,2103709000.0,235358000.0,900647200.0,-632495000.0,575210000.0,268152000.0,97480000.0,170672000.0,174543000.0,0.52,0.6396,0.2738,0.0815,0.0531,0.2538,1890762200.0,900647300.0,0.3696,,0.6552,,0.3788,170672000.0,,223507000.0,0.5749,0.451,CCI
2014-06-30 00:00:00,3144954900.0,1116703000.0,2028252000.0,228650000.0,884434100.0,-633033000.0,575939000.0,251401000.0,133416000.0,117985000.0,124439000.0,0.39,0.6449,0.2812,0.0799,0.0396,0.24,1823684200.0,884434200.0,0.2691,,0.4902,,0.2688,117985000.0,,161938000.0,0.5799,0.4242,CCI
2014-03-31 00:00:00,3001640900.0,1036984000.0,1964657000.0,220122000.0,897217100.0,-578056000.0,571661000.0,319161000.0,173104000.0,146057000.0,153786000.0,0.5,0.6545,0.2989,0.1063,0.0512,0.2283,1785497100.0,897217200.0,0.4115,,0.5671,,0.4121,146057000.0,,179957000.0,0.5948,0.4153,CCI
2013-12-31 00:00:00,2865750900.0,991017000.0,1874734000.0,213519000.0,880704000.0,-629703000.0,589630000.0,251001000.0,191000000.0,60001000.0,78748000.0,0.28,0.6542,0.3073,0.0876,0.0275,0.222,1721291100.0,880704100.0,0.1601,,0.315,,0.16,60001000.0,,93901000.0,0.6006,0.4086,CCI
2013-09-30 00:00:00,2898052000.0,985582000.0,1912470000.0,230171000.0,896563000.0,-771996000.0,620324000.0,124567000.0,17630000.0,106937000.0,94152000.0,0.32,0.6599,0.3094,0.043,0.0325,0.1875,1758246000.0,896562900.0,0.363,,0.3675,,0.3675,106937000.0,,106937000.0,0.6067,0.3751,CCI
2013-06-30 00:00:00,2770412000.0,906961000.0,1863451000.0,227529000.0,894492000.0,-774874000.0,623257000.0,119618000.0,15971000.0,103647000.0,90361000.0,0.3,0.6726,0.3229,0.0432,0.0326,0.1703,1720353000.0,894491900.0,0.3513,,0.356,,0.356,103647000.0,,103647000.0,0.621,0.3639,CCI
2013-03-31 00:00:00,2620995000.0,829580000.0,1791415000.0,219817000.0,867508000.0,-789201000.0,627941000.0,78307000.0,-89048000.0,167355000.0,154015000.0,0.52,0.6835,0.331,0.0299,0.0588,0.1542,1658964000.0,867507900.0,0.571,,0.5755,,0.5755,167355000.0,,167355000.0,0.633,0.3422,CCI
2012-12-31 00:00:00,2432680000.0,728989000.0,1703691000.0,212572000.0,834681000.0,-733854000.0,601044000.0,100827000.0,-100061000.0,200888000.0,185955000.0,0.64,0.7003,0.3431,0.0414,0.0764,0.1361,1566623000.0,834680900.0,0.6897,,0.6944,,0.6944,200888000.0,,200888000.0,0.644,0.3176,CCI
