Date,Revenue,Cost of Revenue,Gross Profit,R&D Expenses,SG&A Expenses,Operating Income,Interest Expense (Operating),Non-operating Income/Expense,Non-operating Interest Expenses,EBT,Income Tax Provision,Income after Tax,Net Income Common,EPS (Basic),Gross Margin,EBIT Margin,EBT margin,Net Profit Margin,Free Cash Flow Margin,EBITDA,EBIT,"EPS (Diluted, from Cont. Ops)","EPS (Diluted, from Disc. Ops)","EPS (Basic, Consolidated)","EPS (Basic, from Discontinued Ops)","EPS (Basic, from Continuous Ops)",Income from Continuous Operations,Income from Discontinued Operations,Consolidated Net Income/Loss,EBITDA Margin,Operating Cash Flow Margin,Ticker
2022-09-30 00:00:00,9600000000.0,6907000000.0,2693000000.0,98000000.0,725000000.0,1839000000.0,258000000.0,262000000.0,37000000.0,2048000000.0,378000000.0,1670000000.0,1651000000.0,15.13,0.2805,0.1916,0.2133,0.172,0.1353,2281000000.0,1839000000.0,15.15,-0.21,15.2664,-0.22,15.28,1670000000.0,-24000000.0,1670000000.0,0.2376,0.194,CE
2022-06-30 00:00:00,9565000000.0,6707000000.0,2858000000.0,94000000.0,706000000.0,2067000000.0,133000000.0,267000000.0,5000000.0,2349000000.0,353000000.0,1996000000.0,1966000000.0,17.94,0.2988,0.2161,0.2456,0.2055,0.1501,2458000000.0,2067000000.0,18.06,-0.24,18.0733,-0.25,18.21,1996000000.0,-27000000.0,1996000000.0,0.257,0.2051,CE
2022-03-31 00:00:00,9277000000.0,6363000000.0,2914000000.0,90000000.0,670000000.0,2151000000.0,109000000.0,279000000.0,28000000.0,2455000000.0,357000000.0,2098000000.0,2070000000.0,18.75,0.3141,0.2319,0.2646,0.2231,0.1558,2529000000.0,2151000000.0,18.84,,18.8597,,18.98,2098000000.0,,2094000000.0,0.2726,0.211,CE
2021-12-31 00:00:00,8537000000.0,5872000000.0,2665000000.0,86000000.0,633000000.0,1946000000.0,99000000.0,302000000.0,52000000.0,2248000000.0,330000000.0,1918000000.0,1890000000.0,16.98,0.3122,0.2279,0.2633,0.2214,0.1511,2304000000.0,1946000000.0,17.06,-0.2,17.0466,-0.2,17.19,1918000000.0,-22000000.0,1913000000.0,0.2699,0.2058,CE
2021-09-30 00:00:00,7853000000.0,5521000000.0,2332000000.0,83000000.0,600000000.0,1632000000.0,104000000.0,1629000000.0,77000000.0,3262000000.0,420000000.0,2842000000.0,2819000000.0,24.75,0.297,0.2078,0.4154,0.359,0.1347,1989000000.0,1632000000.0,24.59,-0.16,24.6124,-0.16,24.74,2842000000.0,-18000000.0,2837000000.0,0.2533,0.1843,CE
2021-06-30 00:00:00,6998000000.0,5049000000.0,1949000000.0,81000000.0,541000000.0,1280000000.0,103000000.0,1601000000.0,103000000.0,2881000000.0,348000000.0,2533000000.0,2520000000.0,21.94,0.2785,0.1829,0.4117,0.3601,0.127,1645000000.0,1280000000.0,21.68,-0.06,21.796,-0.06,21.81,2533000000.0,-7000000.0,2526000000.0,0.2351,0.1783,CE
2021-03-31 00:00:00,5993000000.0,4563000000.0,1430000000.0,77000000.0,494000000.0,796000000.0,106000000.0,1572000000.0,106000000.0,2368000000.0,267000000.0,2101000000.0,2089000000.0,18.05,0.2386,0.1328,0.3951,0.3486,0.144,1157000000.0,796000000.0,17.8,-0.05,17.9083,-0.05,17.91,2101000000.0,-6000000.0,2095000000.0,0.1931,0.2002,CE
2020-12-31 00:00:00,5655000000.0,4362000000.0,1293000000.0,74000000.0,482000000.0,664000000.0,109000000.0,1587000000.0,109000000.0,2251000000.0,247000000.0,2004000000.0,1985000000.0,17.04,0.2286,0.1174,0.3981,0.351,0.1731,1020000000.0,664000000.0,16.85,-0.1,16.9076,-0.1,16.95,2004000000.0,-12000000.0,1992000000.0,0.1804,0.2375,CE
2020-09-30 00:00:00,5496000000.0,4263000000.0,1233000000.0,71000000.0,470000000.0,529000000.0,111000000.0,192000000.0,111000000.0,721000000.0,127000000.0,594000000.0,575000000.0,4.84,0.2243,0.0963,0.1312,0.1046,0.1769,885000000.0,529000000.0,4.98,-0.09,4.9739,-0.1,5.01,594000000.0,-11000000.0,583000000.0,0.161,0.2538,CE
2020-06-30 00:00:00,5671000000.0,4351000000.0,1320000000.0,69000000.0,484000000.0,605000000.0,,198000000.0,110000000.0,803000000.0,150000000.0,653000000.0,631000000.0,5.23,0.2328,0.1067,0.1416,0.1113,0.1636,966000000.0,605000000.0,5.39,-0.12,5.3631,-0.12,5.42,653000000.0,-14000000.0,639000000.0,0.1703,0.24,CE
2020-03-31 00:00:00,6070000000.0,4569000000.0,1501000000.0,68000000.0,488000000.0,708000000.0,,187000000.0,112000000.0,895000000.0,143000000.0,752000000.0,733000000.0,6.0,0.2473,0.1166,0.1474,0.1208,0.1641,1066000000.0,708000000.0,6.13,-0.1,6.1181,-0.1,6.17,752000000.0,-12000000.0,740000000.0,0.1756,0.2316,CE
2019-12-31 00:00:00,6297000000.0,4691000000.0,1606000000.0,67000000.0,483000000.0,834000000.0,,154000000.0,115000000.0,988000000.0,124000000.0,864000000.0,852000000.0,6.81,0.255,0.1324,0.1569,0.1353,0.1721,1190000000.0,834000000.0,6.89,-0.05,6.9234,-0.05,6.93,864000000.0,-6000000.0,858000000.0,0.189,0.2309,CE
2019-09-30 00:00:00,6554000000.0,4844000000.0,1710000000.0,68000000.0,492000000.0,1025000000.0,,96000000.0,117000000.0,1121000000.0,203000000.0,918000000.0,908000000.0,7.2,0.2609,0.1564,0.171,0.1385,0.1788,1381000000.0,1025000000.0,7.23,-0.04,7.2992,-0.04,7.29,918000000.0,-4000000.0,914000000.0,0.2107,0.2275,CE
2019-06-30 00:00:00,6739000000.0,4927000000.0,1812000000.0,69000000.0,501000000.0,1139000000.0,,121000000.0,120000000.0,1260000000.0,204000000.0,1056000000.0,1046000000.0,8.04,0.2689,0.169,0.187,0.1552,0.1847,1490000000.0,1139000000.0,8.06,-0.04,8.1279,-0.04,8.13,1056000000.0,-5000000.0,1051000000.0,0.2211,0.2316,CE
2019-03-31 00:00:00,6991000000.0,5081000000.0,1910000000.0,70000000.0,519000000.0,1311000000.0,,152000000.0,123000000.0,1463000000.0,273000000.0,1190000000.0,1181000000.0,8.91,0.2732,0.1875,0.2093,0.1689,0.1991,1664000000.0,1311000000.0,8.91,-0.05,8.9962,-0.05,8.99,1190000000.0,-6000000.0,1186000000.0,0.238,0.2463,CE
2018-12-31 00:00:00,7155000000.0,5183000000.0,1972000000.0,72000000.0,546000000.0,1334000000.0,,176000000.0,125000000.0,1510000000.0,292000000.0,1218000000.0,1207000000.0,8.94,0.2756,0.1864,0.211,0.1687,0.1706,1683000000.0,1334000000.0,8.95,-0.05,9.0316,-0.05,9.03,1218000000.0,-6000000.0,1213000000.0,0.2352,0.2177,CE
2018-09-30 00:00:00,7059000000.0,5094000000.0,1965000000.0,74000000.0,555000000.0,1315000000.0,,286000000.0,126000000.0,1601000000.0,276000000.0,1325000000.0,1311000000.0,9.68,0.2784,0.1863,0.2268,0.1857,0.1306,1652000000.0,1315000000.0,9.69,-0.1,9.7163,-0.1,9.75,1325000000.0,-13000000.0,1316000000.0,0.234,0.1775,CE
2018-06-30 00:00:00,6854000000.0,5022000000.0,1832000000.0,75000000.0,559000000.0,1170000000.0,,258000000.0,128000000.0,1428000000.0,279000000.0,1149000000.0,1136000000.0,8.35,0.2673,0.1707,0.2083,0.1657,0.1058,1499000000.0,1170000000.0,8.37,,8.3973,,8.41,1149000000.0,,1142000000.0,0.2187,0.1519,CE
2018-03-31 00:00:00,6520000000.0,4844000000.0,1676000000.0,74000000.0,540000000.0,1030000000.0,,237000000.0,126000000.0,1267000000.0,222000000.0,1045000000.0,1023000000.0,7.48,0.2571,0.158,0.1943,0.1569,0.071,1348000000.0,1030000000.0,7.57,-0.12,7.5338,-0.12,7.6,1045000000.0,-15000000.0,1030000000.0,0.2067,0.1156,CE
2017-12-31 00:00:00,6140000000.0,4629000000.0,1511000000.0,73000000.0,496000000.0,857000000.0,,218000000.0,122000000.0,1075000000.0,213000000.0,862000000.0,843000000.0,6.11,0.2461,0.1396,0.1751,0.1373,0.0873,1167000000.0,857000000.0,6.19,-0.0968,6.1566,-0.0968,6.21,862000000.0,-16000000.0,849000000.0,0.1901,0.1308,CE
2017-09-30 00:00:00,5858000000.0,4438000000.0,1420000000.0,73000000.0,499000000.0,775000000.0,,191000000.0,120000000.0,966000000.0,148000000.0,818000000.0,800000000.0,5.75,0.2424,0.1323,0.1649,0.1366,0.0782,1078000000.0,775000000.0,5.83,-0.1068,5.8039,-0.1068,5.84,818000000.0,-14000000.0,806000000.0,0.184,0.1192,CE
2017-06-30 00:00:00,5615000000.0,4223000000.0,1392000000.0,74000000.0,447000000.0,792000000.0,,166000000.0,116000000.0,958000000.0,106000000.0,852000000.0,836000000.0,5.92,0.2479,0.1411,0.1706,0.1489,0.0914,1087000000.0,792000000.0,5.98,-0.07,5.9608,-0.07,6.0,852000000.0,-12000000.0,841000000.0,0.1936,0.133,CE
2017-03-31 00:00:00,5456000000.0,4091000000.0,1365000000.0,76000000.0,401000000.0,817000000.0,,135000000.0,116000000.0,952000000.0,118000000.0,834000000.0,826000000.0,5.76,0.2502,0.1497,0.1745,0.1514,0.1026,1110000000.0,817000000.0,5.76,,5.8023,,5.78,834000000.0,,831000000.0,0.2034,0.1463,CE
2016-12-31 00:00:00,5389000000.0,3984000000.0,1405000000.0,78000000.0,378000000.0,934000000.0,,96000000.0,120000000.0,1030000000.0,122000000.0,908000000.0,900000000.0,6.2,0.2607,0.1733,0.1911,0.167,0.1201,1229000000.0,934000000.0,6.19,-0.02,6.251,-0.02,6.22,908000000.0,,906000000.0,0.2281,0.1657,CE
2016-09-30 00:00:00,5412000000.0,4070000000.0,1342000000.0,79000000.0,441000000.0,471000000.0,,133000000.0,124000000.0,604000000.0,158000000.0,446000000.0,442000000.0,3.04,0.248,0.087,0.1116,0.0817,0.148,800000000.0,471000000.0,3.13,-0.0232,3.1503,-0.0232,3.16,446000000.0,-6000000.0,444000000.0,0.1478,0.1988,CE
2016-06-30 00:00:00,5502000000.0,4212000000.0,1290000000.0,78000000.0,453000000.0,411000000.0,,137000000.0,125000000.0,548000000.0,217000000.0,331000000.0,341000000.0,2.29,0.2345,0.0747,0.0996,0.062,0.1134,748000000.0,411000000.0,2.37,,2.332,,2.39,331000000.0,,332000000.0,0.136,0.1718,CE
2016-03-31 00:00:00,5628000000.0,4301000000.0,1327000000.0,118000000.0,488000000.0,356000000.0,,144000000.0,125000000.0,500000000.0,189000000.0,311000000.0,325000000.0,2.12,0.2358,0.0633,0.0888,0.0577,0.0801,725000000.0,356000000.0,2.21,-0.0132,2.1192,-0.0132,2.23,311000000.0,-8000000.0,310000000.0,0.1288,0.1562,CE
2015-12-31 00:00:00,5674000000.0,4356000000.0,1318000000.0,119000000.0,506000000.0,326000000.0,,162000000.0,119000000.0,488000000.0,201000000.0,287000000.0,304000000.0,1.92,0.2323,0.0575,0.086,0.0536,0.0603,689000000.0,326000000.0,2.01,,1.8894,,2.03,287000000.0,,285000000.0,0.1214,0.1519,CE
2015-09-30 00:00:00,5899000000.0,4446000000.0,1453000000.0,116000000.0,714000000.0,577000000.0,,150000000.0,113000000.0,727000000.0,222000000.0,505000000.0,518000000.0,3.4,0.2463,0.0978,0.1232,0.0878,0.0419,906000000.0,577000000.0,3.41,,3.3102,,3.45,505000000.0,,501000000.0,0.1536,0.1512,CE
2015-06-30 00:00:00,6255000000.0,4669000000.0,1586000000.0,119000000.0,739000000.0,701000000.0,,148000000.0,125000000.0,849000000.0,238000000.0,611000000.0,610000000.0,3.97,0.2536,0.1121,0.1357,0.0975,0.0585,1023000000.0,701000000.0,4.0,-0.05,3.934,-0.05,4.05,611000000.0,-8000000.0,602000000.0,0.1635,0.1755,CE
2015-03-31 00:00:00,6547000000.0,4928000000.0,1619000000.0,84000000.0,752000000.0,772000000.0,,202000000.0,135000000.0,974000000.0,308000000.0,666000000.0,664000000.0,4.29,0.2473,0.1179,0.1488,0.1014,0.0574,1062000000.0,772000000.0,4.32,-0.03,4.2809,-0.03,4.36,666000000.0,,659000000.0,0.1622,0.1631,CE
2014-12-31 00:00:00,6802000000.0,5186000000.0,1616000000.0,86000000.0,758000000.0,758000000.0,,183000000.0,147000000.0,941000000.0,314000000.0,627000000.0,624000000.0,4.0,0.2376,0.1114,0.1383,0.0917,0.0418,1056000000.0,758000000.0,4.04,-0.02,3.9997,-0.02,4.07,627000000.0,-5000000.0,620000000.0,0.1552,0.1414,CE
2014-09-30 00:00:00,6859000000.0,5270000000.0,1589000000.0,80000000.0,336000000.0,1756000000.0,,171000000.0,162000000.0,1927000000.0,561000000.0,1366000000.0,1362000000.0,8.71,0.2317,0.256,0.2809,0.1986,0.0545,2063000000.0,1756000000.0,8.7,-0.02,8.6601,-0.02,8.72,1366000000.0,-5000000.0,1359000000.0,0.3008,0.1385,CE
2014-06-30 00:00:00,6726000000.0,5227000000.0,1499000000.0,82000000.0,315000000.0,1657000000.0,,151000000.0,164000000.0,1808000000.0,528000000.0,1280000000.0,1281000000.0,8.16,0.2229,0.2464,0.2688,0.1905,0.0458,1969000000.0,1657000000.0,8.11,,8.1135,,8.13,1280000000.0,,1279000000.0,0.2927,0.1194,CE
2014-03-31 00:00:00,6610000000.0,5200000000.0,1410000000.0,81000000.0,309000000.0,1567000000.0,,97000000.0,168000000.0,1664000000.0,509000000.0,1155000000.0,1155000000.0,7.33,0.2133,0.2371,0.2517,0.1747,0.0501,1882000000.0,1567000000.0,7.28,,7.2899,,7.3,1155000000.0,,1154000000.0,0.2847,0.1179,CE
2013-12-31 00:00:00,6510000000.0,5145000000.0,1365000000.0,85000000.0,311000000.0,1508000000.0,,101000000.0,172000000.0,1609000000.0,508000000.0,1101000000.0,1101000000.0,6.97,0.2097,0.2316,0.2472,0.1691,0.0591,1827000000.0,1508000000.0,6.91,,6.9332,,6.93,1101000000.0,,1101000000.0,0.2806,0.1171,CE
2013-09-30 00:00:00,6395000000.0,5153000000.0,1242000000.0,104000000.0,792000000.0,274000000.0,,117000000.0,181000000.0,391000000.0,113000000.0,278000000.0,278000000.0,3.41,0.1942,0.0428,0.0611,0.0435,0.048,596000000.0,274000000.0,1.74,0.0,1.7286,0.0,1.72,278000000.0,-2000000.0,278000000.0,0.0932,0.1046,CE
2013-06-30 00:00:00,6368000000.0,5144000000.0,1224000000.0,103000000.0,808000000.0,239000000.0,,110000000.0,182000000.0,349000000.0,113000000.0,236000000.0,233000000.0,3.06,0.1922,0.0375,0.0548,0.0366,0.0548,562000000.0,239000000.0,1.47,,1.4413,,1.45,236000000.0,,233000000.0,0.0883,0.1093,CE
2013-03-31 00:00:00,6390000000.0,5150000000.0,1240000000.0,105000000.0,810000000.0,248000000.0,,171000000.0,183000000.0,419000000.0,95000000.0,324000000.0,321000000.0,3.56,0.1941,0.0388,0.0656,0.0502,0.046,571000000.0,248000000.0,2.02,-0.02,2.0057,-0.02,2.02,324000000.0,-4000000.0,321000000.0,0.0894,0.1023,CE
2012-12-31 00:00:00,6418000000.0,5237000000.0,1181000000.0,104000000.0,830000000.0,175000000.0,,146000000.0,185000000.0,321000000.0,-55000000.0,376000000.0,372000000.0,3.84,0.184,0.0273,0.05,0.058,0.0486,495000000.0,175000000.0,2.35,-0.03,2.349,-0.03,2.37,376000000.0,-5000000.0,372000000.0,0.0771,0.1125,CE
