Date,Revenue,Cost of Revenue,Gross Profit,R&D Expenses,SG&A Expenses,Operating Income,Interest Expense (Operating),Non-operating Income/Expense,Non-operating Interest Expenses,EBT,Income Tax Provision,Income after Tax,Net Income Common,EPS (Basic),Gross Margin,EBIT Margin,EBT margin,Net Profit Margin,Free Cash Flow Margin,EBITDA,EBIT,"EPS (Diluted, from Cont. Ops)","EPS (Basic, Consolidated)","EPS (Basic, from Continuous Ops)",Income from Continuous Operations,Consolidated Net Income/Loss,EBITDA Margin,Operating Cash Flow Margin,Ticker
2022-09-30 00:00:00,5308000000.0,3197000000.0,2111000000.0,109000000.0,1256100000.0,972600100.0,73000000.0,-17100000.0,31600000.0,912000000.0,174000000.0,736700000.0,736000000.0,2.99,0.3977,0.1832,0.1718,0.1387,0.1359,1182000000.0,972600200.0,2.9847,3.0336,3.0336,736700000.0,736000000.0,0.2227,0.1647,CHD
2022-06-30 00:00:00,5302000000.0,3162000000.0,2140000000.0,108000000.0,1221300000.0,1020100000.0,62000000.0,-58100000.0,43000000.0,966000000.0,186000000.0,780000000.0,779000000.0,3.15,0.4036,0.1924,0.1822,0.1469,0.1595,1190000000.0,1020100100.0,3.1464,3.2023,3.2023,780000000.0,779000000.0,0.2244,0.181,CHD
2022-03-31 00:00:00,5248100000.0,3071900000.0,2176200000.0,106000000.0,1191100000.0,1057200000.0,57000000.0,-54400000.0,57100000.0,1006300000.0,196000000.0,811200000.0,810300000.0,3.28,0.4147,0.2014,0.1917,0.1544,0.1788,1230099900.0,1057200100.0,3.2603,3.3214,3.3214,811200000.0,810300000.0,0.2344,0.1994,CHD
2021-12-31 00:00:00,5190000000.0,2985900000.0,2204100000.0,105000000.0,1167600000.0,1079100000.0,54000000.0,-66000000.0,54500000.0,1031300000.0,204300000.0,827500000.0,827000000.0,3.35,0.4247,0.2079,0.1987,0.1593,0.1686,1254599900.0,1079100100.0,3.3153,3.379,3.379,827500000.0,827000000.0,0.2417,0.1915,CHD
2021-09-30 00:00:00,5116300000.0,2906800100.0,2209499700.0,106000000.0,1129600000.0,1093299700.0,55000000.0,-78700000.0,55500000.0,1044200000.0,225000000.0,819600000.0,819200000.0,3.32,0.4319,0.2137,0.2041,0.1601,0.1441,1266999600.0,1093299700.0,3.2712,3.3351,3.3351,819600000.0,819200000.0,0.2476,0.1653,CHD
2021-06-30 00:00:00,5046300000.0,2820600100.0,2225699700.0,105000000.0,1160000000.0,1065699700.0,56000000.0,-49000000.0,56000000.0,1016700000.0,211300000.0,805400000.0,805400000.0,3.27,0.4411,0.2112,0.2015,0.1596,0.1238,1273299600.0,1065699700.0,3.2024,3.2686,3.2686,805400000.0,805400000.0,0.2523,0.1458,CHD
2021-03-31 00:00:00,4969500000.0,2736400100.0,2233099700.0,105000000.0,1215400000.0,1017699700.0,59000000.0,-52300000.0,58700000.0,965400000.0,188600000.0,776800000.0,776800000.0,3.15,0.4494,0.2048,0.1943,0.1563,0.15,1216099700.0,1017699700.0,3.0841,3.1488,3.1488,776800000.0,776800000.0,0.2447,0.1718,CHD
2020-12-31 00:00:00,4895800000.0,2681600100.0,2214199600.0,103000000.0,1184500000.0,1029699700.0,61000000.0,-55900000.0,61000000.0,973800000.0,187900000.0,785900000.0,785900000.0,3.19,0.4523,0.2103,0.1989,0.1605,0.1835,1219399700.0,1029699700.0,3.1161,3.1844,3.1844,785900000.0,785900000.0,0.2491,0.2023,CHD
2020-09-30 00:00:00,4744700000.0,2563900000.0,2180800400.0,100000000.0,1146500000.0,1034300600.0,65000000.0,-59700000.0,65000000.0,974600000.0,194500000.0,780100000.0,780100000.0,3.17,0.4596,0.218,0.2054,0.1644,0.2031,1219700600.0,1034300200.0,3.0994,3.1672,3.1672,780100000.0,780100000.0,0.2571,0.2203,CHD
2020-06-30 00:00:00,4593100000.0,2469800000.0,2123300400.0,,1146000000.0,977300600.0,,-63600000.0,70000000.0,913700000.0,192500000.0,721200000.0,721200000.0,2.94,0.4623,0.2128,0.1989,0.157,0.226,1163200600.0,977300200.0,2.8679,2.9318,2.9318,721200000.0,721200000.0,0.2532,0.2421,CHD
2020-03-31 00:00:00,4478200000.0,2433000000.0,2045200400.0,,1131200000.0,914000600.0,,-66000000.0,72100000.0,848000000.0,178000000.0,670000000.0,670000000.0,2.73,0.4567,0.2041,0.1894,0.1496,0.199,1098000600.0,914000200.0,2.6611,2.7234,2.7234,670000000.0,670000000.0,0.2452,0.2151,CHD
2019-12-31 00:00:00,4357700000.0,2373700000.0,1984000400.0,,1143800000.0,840200500.0,,-66500000.0,73600000.0,773700000.0,157800000.0,615900000.0,615900000.0,2.5,0.4553,0.1928,0.1775,0.1413,0.1815,1016600500.0,840200100.0,2.4431,2.5016,2.5016,615900000.0,615900000.0,0.2333,0.1984,CHD
2019-09-30 00:00:00,4287900000.0,2353600100.0,1934299700.0,,1095900100.0,838399500.0,,-66300000.0,75300000.0,772100000.0,157800000.0,614300000.0,614300000.0,2.49,0.4511,0.1955,0.1801,0.1433,0.1734,1003999500.0,838399600.0,2.4336,2.4926,2.4926,614300000.0,614300000.0,0.2341,0.1896,CHD
2019-06-30 00:00:00,4236100000.0,2349400100.0,1886699700.0,,1060900100.0,825799500.0,,-67000000.0,75800000.0,758800000.0,155500000.0,603300000.0,603300000.0,2.45,0.4454,0.1949,0.1791,0.1424,0.1718,979899500.0,825799600.0,2.3942,2.4506,2.4506,603300000.0,603300000.0,0.2313,0.187,CHD
2019-03-31 00:00:00,4184600000.0,2324500100.0,1860099700.0,,1047900100.0,812199500.0,,-68300000.0,77100000.0,743900000.0,157400000.0,586500000.0,586500000.0,2.39,0.4445,0.1941,0.1778,0.1402,0.1634,956199600.0,812199600.0,2.3343,2.3856,2.3856,586500000.0,586500000.0,0.2285,0.1783,CHD
2018-12-31 00:00:00,4145900000.0,2305100100.0,1840799800.0,,1049100100.0,791699600.0,,-72200000.0,79400000.0,719500000.0,150900000.0,568600000.0,568600000.0,2.32,0.444,0.191,0.1735,0.1371,0.1696,932799700.0,791699700.0,2.268,2.316,2.316,568600000.0,568600000.0,0.225,0.1842,CHD
2018-09-30 00:00:00,4104600000.0,2256700000.0,1847899900.0,,1034900000.0,812999800.0,,-70900000.0,78400000.0,742100000.0,-89300000.0,831400000.0,831400000.0,3.37,0.4502,0.1981,0.1808,0.2026,0.1878,952199900.0,813000000.0,3.2907,3.3597,3.3597,831400000.0,831400000.0,0.232,0.2011,CHD
2018-06-30 00:00:00,4034900000.0,2208600000.0,1826299900.0,,1018800000.0,807499800.0,,-65700000.0,75400000.0,741800000.0,-76700000.0,818500000.0,818500000.0,3.3,0.4526,0.2001,0.1838,0.2029,0.1737,943599900.0,807500000.0,3.2306,3.2985,3.2985,818500000.0,818500000.0,0.2339,0.1871,CHD
2018-03-31 00:00:00,3905000000.0,2123200000.0,1781799900.0,,1024900000.0,756899800.0,,-53700000.0,64500000.0,703200000.0,-66500000.0,769700000.0,769700000.0,3.09,0.4563,0.1938,0.1801,0.1971,0.1673,888699700.0,756900000.0,3.0276,3.0932,3.0932,769700000.0,769700000.0,0.2276,0.1807,CHD
2017-12-31 00:00:00,3776200000.0,2046600000.0,1729599900.0,,996900000.0,732699800.0,,-40000000.0,52600000.0,692700000.0,-50700000.0,743400000.0,743400000.0,2.97,0.458,0.194,0.1834,0.1969,0.1686,858099700.0,732700000.0,2.9028,2.9664,2.9664,743400000.0,743400000.0,0.2272,0.1805,CHD
2017-09-30 00:00:00,3639100100.0,1982900000.0,1656200100.0,,964800000.0,691400100.0,,-27900000.0,40900000.0,663500000.0,215300000.0,448200000.0,448200000.0,1.77,0.4551,0.19,0.1823,0.1232,0.1489,810400100.0,691400100.0,1.7385,1.7738,1.7738,448200000.0,448200000.0,0.2227,0.1606,CHD
2017-06-30 00:00:00,3541900100.0,1928600000.0,1613300100.0,,924600000.0,688700100.0,,-19800000.0,31300000.0,668900000.0,230100000.0,438800000.0,438800000.0,1.72,0.4555,0.1944,0.1889,0.1239,0.1597,801100100.0,688700100.0,1.688,1.7202,1.7202,438800000.0,438800000.0,0.2262,0.1717,CHD
2017-03-31 00:00:00,3521300100.0,1910400000.0,1610900100.0,,870100000.0,740800100.0,,-17700000.0,29100000.0,723100000.0,245600000.0,477500000.0,477500000.0,1.865,0.4575,0.2104,0.2054,0.1356,0.1604,849800200.0,740800100.0,1.8289,1.8626,1.8626,477500000.0,477500000.0,0.2413,0.1729,CHD
2016-12-31 00:00:00,3493100100.0,1902500000.0,1590600100.0,,866400000.0,724200100.0,,-18300000.0,27700000.0,705900000.0,246900000.0,459000000.0,459000000.0,1.78,0.4554,0.2073,0.2021,0.1314,0.1733,831800200.0,724200100.0,1.7512,1.7817,1.7817,459000000.0,459000000.0,0.2381,0.1876,CHD
2016-09-30 00:00:00,3470700000.0,1890700000.0,1580000000.0,,860000000.0,719999900.0,,-18700000.0,28300000.0,701300000.0,243600000.0,457700000.0,457700000.0,1.77,0.4552,0.2075,0.2021,0.1319,0.1864,824899900.0,720000000.0,1.7377,1.7699,1.7699,457700000.0,457700000.0,0.2377,0.1995,CHD
2016-06-30 00:00:00,3461800000.0,1891600000.0,1570200000.0,,855600000.0,714599900.0,,-20000000.0,28900000.0,694600000.0,240500000.0,454100000.0,454100000.0,1.75,0.4536,0.2064,0.2006,0.1312,0.1758,818599900.0,714600000.0,1.7163,1.7485,1.7485,454100000.0,454100000.0,0.2365,0.189,CHD
2016-03-31 00:00:00,3431500000.0,1896200000.0,1535300000.0,,853700000.0,681599900.0,,-38500000.0,29700000.0,643100000.0,226900000.0,416200000.0,416200000.0,1.595,0.4474,0.1986,0.1874,0.1213,0.1723,784499900.0,681600000.0,1.5664,1.5958,1.5958,416200000.0,416200000.0,0.2286,0.1864,CHD
2015-12-31 00:00:00,3394800000.0,1883000000.0,1511800000.0,,837600000.0,674199900.0,,-38800000.0,30500000.0,635400000.0,225000000.0,410400000.0,410400000.0,1.565,0.4453,0.1986,0.1872,0.1209,0.1603,775199900.0,674200000.0,1.5359,1.5653,1.5653,410400000.0,410400000.0,0.2283,0.1785,CHD
2015-09-30 00:00:00,3386700000.0,1882699900.0,1504000100.0,,835200000.0,668800000.0,,-38300000.0,29800000.0,630500000.0,222600000.0,407900000.0,407900000.0,1.545,0.4441,0.1975,0.1862,0.1204,0.1362,768600000.0,668800200.0,1.5157,1.5441,1.5441,407900000.0,407900000.0,0.2269,0.1596,CHD
2015-06-30 00:00:00,3366700000.0,1880999900.0,1485700100.0,,830300000.0,655400000.0,,-37400000.0,29300000.0,618000000.0,214600000.0,403400000.0,403400000.0,1.52,0.4413,0.1947,0.1836,0.1198,0.1469,752300000.0,655400200.0,1.4912,1.5183,1.5183,403400000.0,403400000.0,0.2235,0.1728,CHD
2015-03-31 00:00:00,3327900000.0,1858899900.0,1469000100.0,,817700000.0,651300000.0,,-17800000.0,28300000.0,633500000.0,215000000.0,418500000.0,418500000.0,1.57,0.4414,0.1957,0.1904,0.1258,0.149,745700000.0,651300200.0,1.5384,1.5662,1.5662,418500000.0,418500000.0,0.2241,0.1749,CHD
2014-12-31 00:00:00,3297600000.0,1844699900.0,1452900100.0,,811700000.0,641200000.0,,-16300000.0,27400000.0,624900000.0,211000000.0,413900000.0,413900000.0,1.535,0.4406,0.1944,0.1895,0.1255,0.1425,732400000.0,641200200.0,1.5051,1.5318,1.5318,413900000.0,413900000.0,0.2221,0.1638,CHD
2014-09-30 00:00:00,3254700000.0,1819700100.0,1435000000.0,,813000000.0,621999900.0,,-17900000.0,27200000.0,604100000.0,204600000.0,399500000.0,399500000.0,1.465,0.4409,0.1911,0.1856,0.1227,0.1409,712299900.0,622000000.0,1.4401,1.4666,1.4666,399500000.0,399500000.0,0.2189,0.1634,CHD
2014-06-30 00:00:00,3217700000.0,1785000100.0,1432700000.0,,820100000.0,612599900.0,,-18500000.0,27300000.0,594100000.0,202600000.0,391500000.0,391500000.0,1.42,0.4453,0.1904,0.1846,0.1217,0.1496,702499900.0,612600000.0,1.3958,1.4219,1.4219,391500000.0,391500000.0,0.2183,0.1695,CHD
2014-03-31 00:00:00,3197000000.0,1769700100.0,1427300000.0,,812400000.0,614899900.0,,-23600000.0,27400000.0,591300000.0,202000000.0,389300000.0,389300000.0,1.4,0.4464,0.1923,0.185,0.1218,0.146,704599900.0,614900000.0,1.3793,1.4051,1.4051,389300000.0,389300000.0,0.2204,0.1657,CHD
2013-12-31 00:00:00,3194300000.0,1756300100.0,1438000000.0,,815800000.0,622199900.0,,-24400000.0,27700000.0,597800000.0,203400000.0,394400000.0,394400000.0,1.42,0.4502,0.1948,0.1871,0.1235,0.1354,712699900.0,622200000.0,1.3966,1.4228,1.4228,394400000.0,394400000.0,0.2231,0.1564,CHD
2013-09-30 00:00:00,3181400000.0,1756700000.0,1424699900.0,,812499900.0,612200000.0,,-23400000.0,27300000.0,588800000.0,205800000.0,383000000.0,383000000.0,1.38,0.4478,0.1924,0.1851,0.1204,0.1663,705700000.0,612199900.0,1.357,1.3817,1.3817,383000000.0,383000000.0,0.2218,0.1837,CHD
2013-06-30 00:00:00,3101800000.0,1714800000.0,1386999900.0,,797199900.0,589800000.0,,-18200000.0,22900000.0,571600000.0,202600000.0,369000000.0,369000000.0,1.325,0.4472,0.1901,0.1843,0.119,0.1421,681800000.0,589799900.0,1.3054,1.3296,1.3296,369000000.0,369000000.0,0.2198,0.1597,CHD
2013-03-31 00:00:00,3010600000.0,1671600000.0,1338999900.0,,767299900.0,571700000.0,,-9200000.0,18300000.0,562500000.0,200800000.0,361700000.0,361700000.0,1.3,0.4448,0.1899,0.1868,0.1201,0.1369,661100000.0,571699900.0,1.2773,1.3012,1.3012,361700000.0,361700000.0,0.2196,0.1601,CHD
2012-12-31 00:00:00,2921900000.0,1630500000.0,1291399900.0,,746299900.0,545100000.0,,-2600000.0,14000000.0,542500000.0,192700000.0,349800000.0,349800000.0,1.245,0.442,0.1866,0.1857,0.1197,0.1537,630099900.0,545099900.0,1.2257,1.2484,1.2484,349800000.0,349800000.0,0.2156,0.1792,CHD
