Date,Revenue,Cost of Revenue,Gross Profit,SG&A Expenses,Operating Income,Interest Expense (Operating),Non-operating Income/Expense,Non-operating Interest Expenses,EBT,Income Tax Provision,Income after Tax,Net Income Common,EPS (Basic),Gross Margin,EBIT Margin,EBT margin,Net Profit Margin,Free Cash Flow Margin,EBITDA,EBIT,"EPS (Diluted, from Cont. Ops)","EPS (Basic, Consolidated)","EPS (Basic, from Continuous Ops)",Income from Continuous Operations,Consolidated Net Income/Loss,EBITDA Margin,Operating Cash Flow Margin,Ticker
2022-09-30 00:00:00,53560000000.0,30704000000.0,22856000000.0,,11878000000.0,4363000000.0,628000000.0,4363000000.0,7716000000.0,1418000000.0,6298000000.0,5469000000.0,31.99,0.4267,0.2218,0.1441,0.1021,0.1276,21055000000.0,11878000000.0,36.4425,37.3935,37.3935,6298000000.0,6298000000.0,0.3931,0.2869,CHTR
2022-06-30 00:00:00,53156000000.0,30873000000.0,22283000000.0,,11881000000.0,4219000000.0,145000000.0,4219000000.0,7743000000.0,1405000000.0,6338000000.0,5501000000.0,31.11,0.4192,0.2235,0.1457,0.1035,0.1484,20940000000.0,11881000000.0,35.4501,36.474,36.474,6338000000.0,6338000000.0,0.3939,0.2986,CHTR
2022-03-31 00:00:00,52360000000.0,31024000000.0,21336000000.0,5096000000.0,11229000000.0,4114000000.0,-946000000.0,4114000000.0,6985000000.0,1197000000.0,5788000000.0,5050000000.0,27.79,0.4075,0.2145,0.1334,0.0964,0.1617,20464000000.0,11229000000.0,31.0449,32.2911,32.2911,5788000000.0,5788000000.0,0.3908,0.3082,CHTR
2021-12-31 00:00:00,51682000000.0,31009000000.0,20673000000.0,7268000000.0,10526000000.0,4037000000.0,-1877000000.0,4037000000.0,6388000000.0,1068000000.0,5320000000.0,4654000000.0,25.12,0.4,0.2037,0.1236,0.0901,0.1665,19907000000.0,10526000000.0,27.5586,28.9652,28.9652,5320000000.0,5320000000.0,0.3852,0.3142,CHTR
2021-09-30 00:00:00,51094000000.0,31097000000.0,19997000000.0,9573000000.0,10032000000.0,3968000000.0,-2761000000.0,3968000000.0,5985000000.0,1098000000.0,4887000000.0,4290000000.0,22.53,0.3914,0.1963,0.1171,0.084,0.158,19497000000.0,10032000000.0,24.5602,25.7555,25.7555,4887000000.0,4887000000.0,0.3816,0.3163,CHTR
2021-06-30 00:00:00,49987000000.0,30794000000.0,19193000000.0,9373000000.0,9277000000.0,3898000000.0,-3937000000.0,3898000000.0,5340000000.0,928000000.0,4412000000.0,3887000000.0,20.04,0.384,0.1856,0.1068,0.0778,0.1464,18851000000.0,9277000000.0,21.5081,22.6165,22.6165,4412000000.0,4412000000.0,0.3771,0.3113,CHTR
2021-03-31 00:00:00,48881000000.0,30209000000.0,18672000000.0,9052000000.0,8671000000.0,3851000000.0,-3728000000.0,3851000000.0,4943000000.0,813000000.0,4130000000.0,3633000000.0,18.28,0.382,0.1774,0.1011,0.0743,0.1402,18319000000.0,8671000000.0,19.8448,20.6449,20.6449,4130000000.0,4130000000.0,0.3748,0.3088,CHTR
2020-12-31 00:00:00,48097000000.0,29930000000.0,18167000000.0,8874000000.0,8405000000.0,3848000000.0,-4103000000.0,3848000000.0,4302000000.0,626000000.0,3676000000.0,3222000000.0,15.97,0.3777,0.1748,0.0894,0.067,0.1389,18109000000.0,8405000000.0,17.5656,18.0801,18.0801,3676000000.0,3676000000.0,0.3765,0.3028,CHTR
2020-09-30 00:00:00,47234000000.0,29521000000.0,17713000000.0,8582000000.0,7902000000.0,3847000000.0,-4323000000.0,3847000000.0,3579000000.0,482000000.0,3097000000.0,2690000000.0,13.0,0.375,0.1673,0.0758,0.057,0.1299,17658000000.0,7902000000.0,14.5131,14.8897,14.8897,3097000000.0,3097000000.0,0.3738,0.2915,CHTR
2020-06-30 00:00:00,46645000000.0,29473000000.0,17172000000.0,6704000000.0,7316000000.0,,-4253000000.0,3864000000.0,3063000000.0,431000000.0,2632000000.0,2263000000.0,10.76,0.3681,0.1568,0.0657,0.0485,0.1239,17117000000.0,7316000000.0,12.148,12.432,12.432,2632000000.0,2632000000.0,0.367,0.2798,CHTR
2020-03-31 00:00:00,46296000000.0,29420000000.0,16876000000.0,4990000000.0,6888000000.0,,-4397000000.0,3852000000.0,2491000000.0,349000000.0,2142000000.0,1811000000.0,8.45,0.3645,0.1488,0.0538,0.0391,0.1143,16761000000.0,6888000000.0,9.7029,9.9107,9.9107,2142000000.0,2142000000.0,0.362,0.2653,CHTR
2019-12-31 00:00:00,45764000000.0,29224000000.0,16540000000.0,3192000000.0,6511000000.0,,-4080000000.0,3797000000.0,2431000000.0,439000000.0,1992000000.0,1668000000.0,7.67,0.3614,0.1423,0.0531,0.0364,0.0995,16437000000.0,6511000000.0,8.9013,9.0749,9.0749,1992000000.0,1992000000.0,0.3592,0.2567,CHTR
2019-09-30 00:00:00,45234000000.0,29054000000.0,16180000000.0,,5991000000.0,,-4130000000.0,3743000000.0,1861000000.0,331000000.0,1530000000.0,1250000000.0,5.62,0.3577,0.1324,0.0411,0.0276,0.0931,15990000000.0,5991000000.0,6.7421,6.8475,6.8475,1530000000.0,1530000000.0,0.3535,0.2555,CHTR
2019-06-30 00:00:00,44676000000.0,28631000000.0,16045000000.0,,5785000000.0,,-3824000000.0,3681000000.0,1961000000.0,314000000.0,1647000000.0,1356000000.0,5.99,0.3591,0.1295,0.0439,0.0304,0.0807,15851000000.0,5785000000.0,7.1418,7.2432,7.2432,1647000000.0,1647000000.0,0.3548,0.2556,CHTR
2019-03-31 00:00:00,44183000000.0,28260000000.0,15923000000.0,,5604000000.0,,-3733000000.0,3614000000.0,1871000000.0,271000000.0,1600000000.0,1315000000.0,5.75,0.3604,0.1268,0.0423,0.0298,0.0712,15762000000.0,5604000000.0,6.8633,6.9547,6.9547,1600000000.0,1600000000.0,0.3567,0.266,CHTR
2018-12-31 00:00:00,43634000000.0,27860000000.0,15774000000.0,,5221000000.0,,-3535000000.0,3540000000.0,1686000000.0,180000000.0,1506000000.0,1230000000.0,5.33,0.3615,0.1197,0.0386,0.0282,0.0605,15539000000.0,5221000000.0,6.3942,6.4814,6.4814,1506000000.0,1506000000.0,0.3561,0.2697,CHTR
2018-09-30 00:00:00,43005000000.0,27405000000.0,15600000000.0,,4986000000.0,,-3231000000.0,3470000000.0,1755000000.0,-9008000000.0,10763000000.0,10487000000.0,43.68,0.3627,0.1159,0.0408,0.2439,0.06,15512000000.0,4986000000.0,37.0868,42.432,42.432,10763000000.0,10763000000.0,0.3607,0.2757,CHTR
2018-06-30 00:00:00,42571000000.0,27096000000.0,15475000000.0,,4515000000.0,,-3335000000.0,3357000000.0,1180000000.0,-9091000000.0,10271000000.0,10042000000.0,41.73,0.3635,0.1061,0.0277,0.2359,0.0566,15260000000.0,4515000000.0,34.943,40.2613,40.2613,10271000000.0,10271000000.0,0.3585,0.281,CHTR
2018-03-31 00:00:00,42074000000.0,26798000000.0,15276000000.0,,4207000000.0,,-3164000000.0,3228000000.0,1043000000.0,-9084000000.0,10127000000.0,9908000000.0,41.09,0.3631,0.1,0.0248,0.2355,0.0594,14955000000.0,4207000000.0,34.2426,39.5542,39.5542,10127000000.0,10127000000.0,0.3554,0.2807,CHTR
2017-12-31 00:00:00,41581000000.0,26541000000.0,15040000000.0,,4106000000.0,,-3078000000.0,3090000000.0,1028000000.0,-9087000000.0,10115000000.0,9895000000.0,40.96,0.3617,0.0987,0.0247,0.238,0.0787,14694000000.0,4106000000.0,34.0912,39.4007,39.4007,10115000000.0,10115000000.0,0.3534,0.2875,CHTR
2017-09-30 00:00:00,41254000000.0,26355000000.0,14899000000.0,,3975000000.0,,-2599000000.0,2978000000.0,1376000000.0,309000000.0,1067000000.0,796000000.0,2.99,0.3612,0.0964,0.0334,0.0193,0.0955,14316000000.0,3975000000.0,3.5773,3.9659,3.9659,1067000000.0,1067000000.0,0.347,0.289,CHTR
2017-06-30 00:00:00,40833000000.0,26134000000.0,14699000000.0,,3977000000.0,,-2453000000.0,2914000000.0,1524000000.0,299000000.0,1225000000.0,937000000.0,3.5,0.36,0.0974,0.0373,0.0229,0.1096,14054000000.0,3977000000.0,4.1291,4.5252,4.5252,1225000000.0,1225000000.0,0.3442,0.2893,CHTR
2017-03-31 00:00:00,36637000000.0,23563000000.0,13074000000.0,,3095000000.0,,-1879000000.0,2758000000.0,1216000000.0,-2928000000.0,4144000000.0,3865000000.0,19.7,0.3569,0.0845,0.0332,0.1055,0.1094,12013000000.0,3095000000.0,18.574,20.7678,20.7678,4144000000.0,4144000000.0,0.3279,0.2855,CHTR
2016-12-31 00:00:00,29003000000.0,18655000000.0,10348000000.0,,2456000000.0,,-1636000000.0,2499000000.0,820000000.0,-2925000000.0,3745000000.0,3522000000.0,17.262,0.3568,0.0847,0.0283,0.1214,0.0936,9363000000.0,2456000000.0,15.9504,18.1321,18.1321,3745000000.0,3745000000.0,0.3228,0.2772,CHTR
2016-09-30 00:00:00,21240000000.0,13781000000.0,7459000000.0,,1706000000.0,,-1775000000.0,2206000000.0,-69000000.0,-3123000000.0,3054000000.0,2946000000.0,14.3665,0.3512,0.0803,-0.0032,0.1387,0.0678,6663000000.0,1706000000.0,13.0343,14.8496,14.8496,3054000000.0,3054000000.0,0.3137,0.2555,CHTR
2016-06-30 00:00:00,13653000000.0,8919000000.0,4734000000.0,,1068000000.0,,-1491000000.0,1835000000.0,-423000000.0,-3281000000.0,2858000000.0,2811000000.0,14.1974,0.3467,0.0782,-0.031,0.2059,0.0416,4126000000.0,1068000000.0,12.6533,14.4616,14.4616,2858000000.0,2858000000.0,0.3022,0.2427,CHTR
2016-03-31 00:00:00,9922000000.0,6516000000.0,3406000000.0,,1167000000.0,,-1612000000.0,1471000000.0,-445000000.0,-67000000.0,-378000000.0,-378000000.0,-3.7381,0.3433,0.1176,-0.0448,-0.0381,0.034,3317000000.0,1167000000.0,-3.7281,-3.7281,-3.7281,-378000000.0,-378000000.0,0.3343,0.2273,CHTR
2015-12-31 00:00:00,9754000000.0,6426000000.0,3328000000.0,,1114000000.0,,-1445000000.0,1306000000.0,-331000000.0,-60000000.0,-271000000.0,-271000000.0,-2.6874,0.3412,0.1142,-0.0339,-0.0278,0.0532,3239000000.0,1114000000.0,-2.6791,-2.6791,-2.6791,-271000000.0,-271000000.0,0.3321,0.2418,CHTR
2015-09-30 00:00:00,9602000000.0,6331000000.0,3271000000.0,,1068000000.0,,-1289000000.0,1144000000.0,-215000000.0,-24000000.0,-197000000.0,-197000000.0,-1.9685,0.3407,0.1112,-0.0224,-0.0205,0.0566,3182000000.0,1068000000.0,-1.9658,-1.9591,-1.9591,-197000000.0,-197000000.0,0.3314,0.2477,CHTR
2015-06-30 00:00:00,9439000000.0,6229000000.0,3210000000.0,,1013000000.0,,-1140000000.0,1008000000.0,-107000000.0,177000000.0,-304000000.0,-304000000.0,-3.0413,0.3401,0.1073,-0.0113,-0.0322,0.0333,3124000000.0,1013000000.0,-3.0315,-3.0315,-3.0315,-304000000.0,-304000000.0,0.331,0.234,CHTR
2015-03-31 00:00:00,9268000000.0,6107000000.0,3161000000.0,,980000000.0,,-1000000000.0,989000000.0,7000000.0,207000000.0,-227000000.0,-227000000.0,-2.3003,0.3411,0.1057,0.0008,-0.0245,0.0299,3091000000.0,980000000.0,-2.2854,-2.2854,-2.2854,-227000000.0,-227000000.0,0.3335,0.2492,CHTR
2014-12-31 00:00:00,9108000000.0,5973000000.0,3135000000.0,,971000000.0,,-918000000.0,911000000.0,,236000000.0,-183000000.0,-183000000.0,-1.8801,0.3442,0.1066,0.0,-0.0201,0.0152,3073000000.0,971000000.0,-1.8675,-1.8675,-1.8675,-183000000.0,-183000000.0,0.3374,0.259,CHTR
2014-09-30 00:00:00,8896000000.0,5839000000.0,3057000000.0,,935000000.0,,-847000000.0,849000000.0,88000000.0,184000000.0,-96000000.0,-96000000.0,-0.9732,0.3436,0.1051,0.0099,-0.0108,0.009,3003000000.0,935000000.0,-0.9472,-0.9472,-0.9472,-96000000.0,-96000000.0,0.3376,0.2612,CHTR
2014-06-30 00:00:00,8727000000.0,5718000000.0,3009000000.0,,926000000.0,,-857000000.0,846000000.0,69000000.0,182000000.0,-113000000.0,-113000000.0,-1.1834,0.3448,0.1061,0.0079,-0.0129,0.0277,2952000000.0,926000000.0,-1.1606,-1.1606,-1.1606,-113000000.0,-113000000.0,0.3383,0.2684,CHTR
2014-03-31 00:00:00,8440000000.0,5534000000.0,2906000000.0,,926000000.0,,-915000000.0,847000000.0,11000000.0,175000000.0,-164000000.0,-164000000.0,-1.7806,0.3443,0.1097,0.0013,-0.0194,0.0287,2860000000.0,926000000.0,-1.7551,-1.7551,-1.7551,-164000000.0,-164000000.0,0.3389,0.26,CHTR
2013-12-31 00:00:00,8155000000.0,5345000000.0,2810000000.0,,909000000.0,,-958000000.0,846000000.0,-49000000.0,120000000.0,-169000000.0,-169000000.0,-1.858,0.3446,0.1115,-0.006,-0.0207,0.0408,2763000000.0,909000000.0,-1.8337,-1.8337,-1.8337,-169000000.0,-169000000.0,0.3388,0.2646,CHTR
2013-09-30 00:00:00,7920000000.0,5178000000.0,2742000000.0,,873000000.0,,-948000000.0,851000000.0,-75000000.0,173000000.0,-248000000.0,-248000000.0,-2.7317,0.3462,0.1102,-0.0095,-0.0313,0.0429,2693000000.0,873000000.0,-2.711,-2.711,-2.711,-248000000.0,-248000000.0,0.34,0.2586,CHTR
2013-06-30 00:00:00,7682000000.0,5023000000.0,2659000000.0,,875000000.0,,-955000000.0,866000000.0,-80000000.0,185000000.0,-265000000.0,-265000000.0,-2.9418,0.3461,0.1139,-0.0104,-0.0345,0.0269,2626000000.0,875000000.0,-2.9239,-2.9239,-2.9239,-265000000.0,-265000000.0,0.3418,0.2575,CHTR
2013-03-31 00:00:00,7594000000.0,4932000000.0,2662000000.0,,908000000.0,,-965000000.0,880000000.0,-57000000.0,195000000.0,-252000000.0,-252000000.0,-2.8091,0.3505,0.1196,-0.0075,-0.0332,0.0192,2638000000.0,908000000.0,-2.7911,-2.7911,-2.7911,-252000000.0,-252000000.0,0.3474,0.2585,CHTR
2012-12-31 00:00:00,7504000000.0,4860000000.0,2644000000.0,,915000000.0,,-962000000.0,907000000.0,-47000000.0,257000000.0,-304000000.0,-304000000.0,-3.3953,0.3523,0.1219,-0.0063,-0.0405,0.0175,2628000000.0,915000000.0,-3.3736,-3.3736,-3.3736,-304000000.0,-304000000.0,0.3502,0.25,CHTR
