Date,Revenue,Cost of Revenue,Gross Profit,R&D Expenses,SG&A Expenses,Operating Income,Interest Expense (Operating),Non-operating Income/Expense,Non-operating Interest Expenses,EBT,Income Tax Provision,Income after Tax,Net Income Common,EPS (Basic),Gross Margin,EBIT Margin,EBT margin,Net Profit Margin,Free Cash Flow Margin,EBITDA,EBIT,"EPS (Diluted, from Cont. Ops)","EPS (Diluted, from Disc. Ops)","EPS (Basic, Consolidated)","EPS (Basic, from Discontinued Ops)","EPS (Basic, from Continuous Ops)",Income from Continuous Operations,Income from Discontinued Operations,Consolidated Net Income/Loss,EBITDA Margin,Operating Cash Flow Margin,Ticker
2022-09-30 00:00:00,7041000000.0,4564000000.0,2477000000.0,131000000.0,1667000000.0,703000000.0,99000000.0,-5000000.0,103000000.0,538000000.0,123000000.0,415000000.0,405000000.0,3.28,0.3518,0.0998,0.0764,0.0575,0.0963,905000000.0,703000000.0,3.3505,,3.3684,,3.3684,415000000.0,,415000000.0,0.1285,0.1311,CLX
2022-06-30 00:00:00,7107000000.0,4585000000.0,2522000000.0,132000000.0,1663000000.0,750000000.0,97000000.0,-23000000.0,106000000.0,607000000.0,136000000.0,471000000.0,462000000.0,3.73,0.3549,0.1055,0.0854,0.065,0.0753,951000000.0,750000000.0,3.8012,,3.8258,,3.8258,471000000.0,,471000000.0,0.1338,0.1106,CLX
2022-03-31 00:00:00,7108000000.0,4576000000.0,2532000000.0,143000000.0,1696000000.0,706000000.0,90000000.0,-48000000.0,94000000.0,579000000.0,112000000.0,467000000.0,458000000.0,3.7,0.3562,0.0993,0.0815,0.0644,0.0792,914000000.0,706000000.0,3.8024,,3.8092,,3.8092,467000000.0,,467000000.0,0.1286,0.1173,CLX
2021-12-31 00:00:00,7080000000.0,4420000000.0,2660000000.0,144000000.0,1747000000.0,450000000.0,92000000.0,-75000000.0,98000000.0,320000000.0,135000000.0,256000000.0,247000000.0,2.0,0.3757,0.0636,0.0452,0.0349,0.0819,986000000.0,450000000.0,2.1057,,2.1055,,2.1055,256000000.0,,256000000.0,0.1393,0.1227,CLX
2021-09-30 00:00:00,7231000000.0,4287000000.0,2944000000.0,150000000.0,1795000000.0,675000000.0,93000000.0,-88000000.0,99000000.0,559000000.0,223000000.0,445000000.0,437000000.0,3.5,0.4071,0.0933,0.0773,0.0604,0.0857,1214000000.0,675000000.0,3.5615,,3.5883,,3.5883,445000000.0,,445000000.0,0.1679,0.1292,CLX
2021-06-30 00:00:00,7341000000.0,4142000000.0,3199000000.0,149000000.0,1794000000.0,927000000.0,93000000.0,-27000000.0,99000000.0,900000000.0,266000000.0,719000000.0,710000000.0,5.64,0.4358,0.1263,0.1226,0.0967,0.1287,1467000000.0,927000000.0,5.6481,,5.726,,5.726,719000000.0,,719000000.0,0.1998,0.1738,CLX
2021-03-31 00:00:00,7522000000.0,4062000000.0,3460000000.0,146000000.0,1803000000.0,1182000000.0,93000000.0,12000000.0,99000000.0,1194000000.0,,929000000.0,923000000.0,7.3,0.46,0.1571,0.1587,0.1227,0.1735,1715000000.0,1182000000.0,7.218,,7.3552,,7.3552,929000000.0,,929000000.0,0.228,0.2171,CLX
2020-12-31 00:00:00,7524000000.0,4006000000.0,3518000000.0,153000000.0,1819000000.0,1546000000.0,92000000.0,4000000.0,98000000.0,1550000000.0,321000000.0,1229000000.0,1225000000.0,9.71,0.4676,0.2055,0.206,0.1628,0.1838,1742000000.0,1546000000.0,9.5804,,9.7428,,9.7428,1229000000.0,,1229000000.0,0.2315,0.2229,CLX
2020-09-30 00:00:00,7131000000.0,3811000000.0,3320000000.0,147000000.0,1713000000.0,1460000000.0,93000000.0,-7000000.0,99000000.0,1453000000.0,300000000.0,1153000000.0,1151000000.0,9.13,0.4656,0.2047,0.2038,0.1614,0.1948,1647000000.0,1460000000.0,9.0016,,9.1497,,9.1497,1153000000.0,,1153000000.0,0.231,0.2325,CLX
2020-06-30 00:00:00,6721000000.0,3658000000.0,3063000000.0,145000000.0,1644000000.0,1274000000.0,,-89000000.0,99000000.0,1185000000.0,246000000.0,939000000.0,939000000.0,7.46,0.4557,0.1896,0.1763,0.1397,0.1922,1454000000.0,1274000000.0,7.3548,,7.4626,,7.4626,939000000.0,,939000000.0,0.2163,0.23,CLX
2020-03-31 00:00:00,6365000000.0,3497000000.0,2868000000.0,141000000.0,1535000000.0,1192000000.0,,-110000000.0,99000000.0,1082000000.0,212000000.0,870000000.0,870000000.0,6.92,0.4506,0.1873,0.17,0.1367,0.1518,1372000000.0,1192000000.0,6.8106,,6.9051,,6.9051,870000000.0,,870000000.0,0.2156,0.1877,CLX
2019-12-31 00:00:00,6133000000.0,3424000000.0,2709000000.0,136000000.0,1459000000.0,1114000000.0,,-89000000.0,99000000.0,1025000000.0,209000000.0,816000000.0,816000000.0,6.46,0.4417,0.1816,0.1671,0.1331,0.1321,1294000000.0,1114000000.0,6.3534,,6.4435,,6.4435,816000000.0,,816000000.0,0.211,0.1697,CLX
2019-09-30 00:00:00,6157000000.0,3444000000.0,2713000000.0,134000000.0,1465000000.0,1114000000.0,,-100000000.0,98000000.0,1014000000.0,201000000.0,813000000.0,813000000.0,6.4,0.4406,0.1809,0.1647,0.132,0.1267,1294000000.0,1114000000.0,6.2943,,6.3898,,6.3898,813000000.0,,813000000.0,0.2102,0.1631,CLX
2019-06-30 00:00:00,6214000000.0,3486000000.0,2728000000.0,136000000.0,1468000000.0,1124000000.0,,-100000000.0,97000000.0,1024000000.0,204000000.0,820000000.0,820000000.0,6.44,0.439,0.1809,0.1648,0.132,0.1265,1304000000.0,1124000000.0,6.3178,,6.4196,,6.4196,820000000.0,,820000000.0,0.2098,0.1596,CLX
2019-03-31 00:00:00,6278000000.0,3540000000.0,2738000000.0,135000000.0,1458000000.0,1145000000.0,,-107000000.0,96000000.0,1038000000.0,242000000.0,796000000.0,796000000.0,6.22,0.4361,0.1824,0.1653,0.1268,0.1274,1323000000.0,1145000000.0,6.1053,,6.2011,,6.196,796000000.0,,796000000.0,0.2107,0.1598,CLX
2018-12-31 00:00:00,6244000000.0,3530000000.0,2714000000.0,133000000.0,1439000000.0,1142000000.0,,-102000000.0,92000000.0,1040000000.0,250000000.0,790000000.0,790000000.0,6.15,0.4347,0.1829,0.1666,0.1265,0.1457,1315000000.0,1142000000.0,6.0398,,6.1404,,6.1297,790000000.0,,790000000.0,0.2106,0.1763,CLX
2018-09-30 00:00:00,6187000000.0,3507000000.0,2680000000.0,132000000.0,1420000000.0,1128000000.0,,-85000000.0,88000000.0,1043000000.0,202000000.0,841000000.0,841000000.0,6.54,0.4332,0.1823,0.1686,0.1359,0.1283,1298000000.0,1128000000.0,6.4108,,6.5205,,6.5186,841000000.0,,841000000.0,0.2098,0.1576,CLX
2018-06-30 00:00:00,6124000000.0,3449000000.0,2675000000.0,132000000.0,1407000000.0,1136000000.0,,-82000000.0,85000000.0,1054000000.0,231000000.0,823000000.0,823000000.0,6.38,0.4368,0.1855,0.1721,0.1344,0.1277,1302000000.0,1136000000.0,6.2547,,6.3655,,6.3654,823000000.0,,823000000.0,0.2126,0.1594,CLX
2018-03-31 00:00:00,6080000000.0,3397000000.0,2683000000.0,132000000.0,1427000000.0,1124000000.0,,-81000000.0,83000000.0,1043000000.0,235000000.0,808000000.0,807000000.0,6.24,0.4413,0.1849,0.1715,0.1327,0.1255,1287000000.0,1124000000.0,6.14,,6.2428,,6.25,808000000.0,,807000000.0,0.2117,0.1577,CLX
2017-12-31 00:00:00,6040000000.0,3356000000.0,2684000000.0,135000000.0,1431000000.0,1118000000.0,,-70000000.0,85000000.0,1048000000.0,249000000.0,799000000.0,798000000.0,6.19,0.4444,0.1851,0.1735,0.1321,0.1185,1280000000.0,1118000000.0,6.08,,6.1831,,6.2,799000000.0,,798000000.0,0.2119,0.1522,CLX
2017-09-30 00:00:00,6030000000.0,3326000000.0,2704000000.0,136000000.0,1419000000.0,1149000000.0,,-101000000.0,87000000.0,1048000000.0,332000000.0,716000000.0,714000000.0,5.54,0.4484,0.1905,0.1738,0.1184,0.1217,1311000000.0,1149000000.0,5.45,,5.5415,,5.55,716000000.0,,714000000.0,0.2174,0.1584,CLX
2017-06-30 00:00:00,5973000000.0,3302000000.0,2671000000.0,135000000.0,1409000000.0,1127000000.0,,-94000000.0,88000000.0,1033000000.0,330000000.0,703000000.0,701000000.0,5.44,0.4472,0.1887,0.1729,0.1174,0.1061,1290000000.0,1127000000.0,5.35,-0.01,5.4361,-0.01,5.45,703000000.0,-1000000.0,701000000.0,0.216,0.1448,CLX
2017-03-31 00:00:00,5926000000.0,3280000000.0,2646000000.0,140000000.0,1432000000.0,1074000000.0,,-84000000.0,87000000.0,990000000.0,324000000.0,666000000.0,665000000.0,5.17,0.4465,0.1812,0.1671,0.1122,0.1001,1238000000.0,1074000000.0,5.06,,5.1522,,5.17,666000000.0,,665000000.0,0.2089,0.1372,CLX
2016-12-31 00:00:00,5875000000.0,3233000000.0,2642000000.0,140000000.0,1420000000.0,1082000000.0,,-102000000.0,87000000.0,980000000.0,327000000.0,653000000.0,655000000.0,5.08,0.4497,0.1842,0.1668,0.1115,0.1093,1247000000.0,1082000000.0,4.96,-0.0076,5.0654,-0.0078,5.06,653000000.0,-1000000.0,655000000.0,0.2123,0.1469,CLX
2016-09-30 00:00:00,5814000000.0,3201000000.0,2613000000.0,142000000.0,1412000000.0,1059000000.0,,-76000000.0,87000000.0,983000000.0,329000000.0,654000000.0,655000000.0,5.07,0.4494,0.1821,0.1691,0.1127,0.1029,1224000000.0,1059000000.0,4.96,,5.056,,5.06,654000000.0,,655000000.0,0.2105,0.1378,CLX
2016-06-30 00:00:00,5761000000.0,3163000000.0,2598000000.0,141000000.0,1393000000.0,1064000000.0,,-81000000.0,88000000.0,983000000.0,335000000.0,648000000.0,648000000.0,5.01,0.451,0.1847,0.1706,0.1125,0.1052,1229000000.0,1064000000.0,4.92,,5.0049,,5.01,648000000.0,,648000000.0,0.2133,0.135,CLX
2016-03-31 00:00:00,5718000000.0,3137000000.0,2581000000.0,138000000.0,1348000000.0,1095000000.0,,-75000000.0,90000000.0,1020000000.0,348000000.0,672000000.0,674000000.0,5.21,0.4514,0.1915,0.1784,0.1179,0.1173,1260000000.0,1095000000.0,5.09,0.02,5.2086,0.02,5.19,672000000.0,2000000.0,674000000.0,0.2204,0.1445,CLX
2015-12-31 00:00:00,5693000000.0,3153000000.0,2540000000.0,137000000.0,1328000000.0,1075000000.0,,-75000000.0,93000000.0,1000000000.0,343000000.0,657000000.0,686000000.0,5.27,0.4462,0.1888,0.1757,0.1205,0.114,1241000000.0,1075000000.0,4.96,0.22,5.2794,0.22,5.05,657000000.0,29000000.0,686000000.0,0.218,0.1374,CLX
2015-09-30 00:00:00,5693000000.0,3181000000.0,2512000000.0,136000000.0,1329000000.0,1047000000.0,,-80000000.0,97000000.0,967000000.0,333000000.0,634000000.0,662000000.0,5.08,0.4412,0.1839,0.1699,0.1163,0.1149,1214000000.0,1047000000.0,4.79,0.21,5.0867,0.21,4.87,634000000.0,28000000.0,662000000.0,0.2132,0.1367,CLX
2015-06-30 00:00:00,5655000000.0,3190000000.0,2465000000.0,136000000.0,1321000000.0,1008000000.0,,-87000000.0,100000000.0,921000000.0,315000000.0,606000000.0,580000000.0,4.45,0.4359,0.1782,0.1629,0.1026,0.1324,1177000000.0,1008000000.0,4.57,-0.2,4.451,-0.2,4.65,606000000.0,-26000000.0,580000000.0,0.2081,0.1546,CLX
2015-03-31 00:00:00,5595000000.0,3198000000.0,2397000000.0,132000000.0,1273000000.0,992000000.0,,-97000000.0,103000000.0,895000000.0,307000000.0,588000000.0,559000000.0,4.28,0.4284,0.1773,0.16,0.0999,0.1249,1164000000.0,992000000.0,4.45,-0.23,4.2897,-0.22,4.52,588000000.0,-29000000.0,559000000.0,0.208,0.1487,CLX
2014-12-31 00:00:00,5560000000.0,3193000000.0,2367000000.0,126000000.0,1241000000.0,1000000000.0,,-96000000.0,103000000.0,904000000.0,309000000.0,595000000.0,522000000.0,4.02,0.4257,0.1799,0.1626,0.0939,0.1259,1174000000.0,1000000000.0,4.51,-0.55,4.0292,-0.55,4.59,595000000.0,-73000000.0,522000000.0,0.2112,0.15,CLX
2014-09-30 00:00:00,5523000000.0,3173000000.0,2350000000.0,124000000.0,1241000000.0,985000000.0,,-94000000.0,103000000.0,891000000.0,306000000.0,585000000.0,512000000.0,3.95,0.4255,0.1783,0.1613,0.0927,0.1255,1162000000.0,985000000.0,4.44,-0.56,3.9574,-0.55,4.52,585000000.0,-73000000.0,512000000.0,0.2104,0.1506,CLX
2014-06-30 00:00:00,5514000000.0,3158000000.0,2356000000.0,125000000.0,1254000000.0,977000000.0,,-93000000.0,103000000.0,884000000.0,305000000.0,579000000.0,558000000.0,4.29,0.4273,0.1772,0.1603,0.1012,0.1143,1154000000.0,977000000.0,4.39,-0.16,4.307,-0.16,4.47,579000000.0,-21000000.0,558000000.0,0.2093,0.1391,CLX
2014-03-31 00:00:00,5474000000.0,3101000000.0,2373000000.0,125000000.0,1256000000.0,992000000.0,,-103000000.0,103000000.0,889000000.0,298000000.0,591000000.0,571000000.0,4.37,0.4335,0.1812,0.1624,0.1043,0.1054,1167000000.0,992000000.0,4.46,-0.1525,4.3842,-0.16,4.54,591000000.0,-21000000.0,571000000.0,0.2132,0.1315,CLX
2013-12-31 00:00:00,5521000000.0,3128000000.0,2393000000.0,131000000.0,1286000000.0,976000000.0,,-111000000.0,108000000.0,865000000.0,291000000.0,574000000.0,567000000.0,4.33,0.4334,0.1768,0.1567,0.1027,0.0922,1154000000.0,976000000.0,4.32,-0.06,4.3353,-0.0576,4.39,574000000.0,-7000000.0,567000000.0,0.209,0.1195,CLX
2013-09-30 00:00:00,5538000000.0,3137000000.0,2401000000.0,131000000.0,1288000000.0,982000000.0,,-113000000.0,115000000.0,869000000.0,290000000.0,579000000.0,575000000.0,4.38,0.4336,0.1773,0.1569,0.1038,0.1051,1161000000.0,982000000.0,4.35,-0.03,4.3886,-0.0376,4.42,579000000.0,-6000000.0,575000000.0,0.2096,0.1345,CLX
2013-06-30 00:00:00,5533000000.0,3142000000.0,2391000000.0,130000000.0,1291000000.0,970000000.0,,-118000000.0,122000000.0,852000000.0,279000000.0,573000000.0,572000000.0,4.36,0.4321,0.1753,0.154,0.1034,0.1057,1150000000.0,970000000.0,4.31,-0.02,4.364,-0.0176,4.37,573000000.0,,572000000.0,0.2078,0.1401,CLX
2013-03-31 00:00:00,5617000000.0,3227000000.0,2390000000.0,129000000.0,1301000000.0,960000000.0,,-125000000.0,129000000.0,835000000.0,271000000.0,564000000.0,563000000.0,4.31,0.4255,0.1709,0.1487,0.1002,0.1006,1141000000.0,960000000.0,4.2537,0.0025,4.3057,0.0124,4.3041,564000000.0,7000000.0,563000000.0,0.2031,0.1374,CLX
2012-12-31 00:00:00,5605000000.0,3217000000.0,2388000000.0,125000000.0,1310000000.0,953000000.0,,-122000000.0,132000000.0,831000000.0,267000000.0,564000000.0,562000000.0,4.31,0.426,0.17,0.1483,0.1003,0.1147,1132000000.0,953000000.0,4.2737,0.08,4.3085,0.09,4.3241,564000000.0,192000000.0,562000000.0,0.202,0.1672,CLX
