Date,Revenue,Gross Profit,SG&A Expenses,Operating Income,Non-operating Income/Expense,Non-operating Interest Expenses,EBT,Income Tax Provision,Income after Tax,Net Income Common,EPS (Basic),Gross Margin,EBIT Margin,EBT margin,Net Profit Margin,Free Cash Flow Margin,EBITDA,EBIT,"EPS (Diluted, from Cont. Ops)","EPS (Basic, Consolidated)","EPS (Basic, from Continuous Ops)",Income from Continuous Operations,Consolidated Net Income/Loss,EBITDA Margin,Operating Cash Flow Margin,Ticker
2022-09-30 00:00:00,4959000000.0,4958900000.0,1385400000.0,2979300300.0,258400000.0,1114000000.0,3462000000.0,784000000.0,2678300100.0,2640000000.0,7.35,1.0,0.6008,0.6981,0.5324,0.5423,3345800200.0,2979300300.0,7.457,7.4682,7.4682,2678300100.0,2655000000.0,0.6747,0.5531,CME
2022-06-30 00:00:00,4841000000.0,4841000000.0,1381000000.0,2854200300.0,599400000.0,574000000.0,3678000000.0,753200000.0,2925000100.0,2896000000.0,8.06,1.0,0.5896,0.7598,0.5982,0.5486,3226900200.0,2854200300.0,8.1458,8.1585,8.1585,2925000100.0,2905000000.0,0.6666,0.5612,CME
2022-03-31 00:00:00,4783200000.0,4783000000.0,1386700000.0,2779200300.0,533800000.0,328700000.0,3537100000.0,764500000.0,2773100100.0,2752300000.0,7.66,1.0,0.581,0.7395,0.5754,0.526,3158300300.0,2779200300.0,7.7241,7.7364,7.7364,2773100100.0,2756600000.0,0.6603,0.5433,CME
2021-12-31 00:00:00,4689500000.0,4689700000.0,1418200000.0,2645200300.0,503800000.0,297200000.0,3373400000.0,736700000.0,2636900100.0,2624700000.0,7.31,1.0,0.5641,0.7194,0.5597,0.4935,3030600300.0,2645200300.0,7.3465,7.3586,7.3586,2636900100.0,2624400000.0,0.6463,0.5123,CME
2021-09-30 00:00:00,4641000000.0,4640900000.0,1455100000.0,2528500200.0,580800000.0,270900000.0,3109400100.0,672800000.0,2436500100.0,2435699900.0,6.78,1.0,0.5448,0.67,0.5248,0.4793,2939900200.0,2528500200.0,6.7893,6.8006,6.8006,2436500100.0,2436199900.0,0.6335,0.5159,CME
2021-06-30 00:00:00,4611700000.0,4611700000.0,1475000000.0,2439800200.0,110100000.0,166600000.0,2549900100.0,628200000.0,1921700100.0,1920399900.0,5.35,1.0,0.529,0.5529,0.4164,0.4093,2873000200.0,2439800200.0,5.3566,5.3659,5.3659,1921700100.0,1921699900.0,0.623,0.4498,CME
2021-03-31 00:00:00,4614800000.0,4614800000.0,1495700000.0,2402600300.0,82500000.0,166800000.0,2485100100.0,570700000.0,1914400100.0,1913399900.0,5.34,1.0,0.5206,0.5385,0.4146,0.5153,2852600200.0,2402600300.0,5.338,5.3478,5.3478,1914400100.0,1914399900.0,0.6181,0.555,CME
2020-12-31 00:00:00,4883600000.0,4883600000.0,1491200000.0,2637400300.0,84700000.0,166200000.0,2722100100.0,615700000.0,2106400100.0,2105199900.0,5.88,1.0,0.5401,0.5574,0.4311,0.5156,3101800200.0,2637400300.0,5.8753,5.8877,5.8877,2106400100.0,2106399900.0,0.6351,0.5561,CME
2020-09-30 00:00:00,4923500000.0,4923500000.0,1475900000.0,2695400300.0,115800000.0,166500000.0,2811200200.0,660600000.0,2150600000.0,2150700000.0,6.01,1.0,0.5475,0.571,0.4368,0.5242,3155400200.0,2695400300.0,5.9996,6.014,6.014,2150600000.0,2150600000.0,0.6409,0.5636,CME
2020-06-30 00:00:00,5120100000.0,5120100000.0,1470300000.0,2855600300.0,142300000.0,167600000.0,2997900200.0,622500000.0,2375400000.0,2375300000.0,6.64,1.0,0.5577,0.5855,0.4639,0.5997,3318800200.0,2855600300.0,6.6275,6.6452,6.6452,2375400000.0,2375400000.0,0.6482,0.6394,CME
2020-03-31 00:00:00,5210500000.0,5210500000.0,1460000000.0,2916700100.0,122000000.0,170800000.0,3038700200.0,652000000.0,2386700000.0,2385800000.0,6.67,1.0,0.5598,0.5832,0.4579,0.4839,3389000100.0,2916700100.0,6.6602,6.6793,6.6793,2386700000.0,2386700000.0,0.6504,0.5298,CME
2019-12-31 00:00:00,4868000000.0,4868000000.0,1446500000.0,2587800100.0,101800000.0,178000000.0,2689600200.0,573800000.0,2115800000.0,2116500000.0,5.92,1.0,0.5316,0.5525,0.4348,0.4986,3061100100.0,2587800100.0,5.906,5.924,5.924,2115800000.0,2115800000.0,0.6288,0.5491,CME
2019-09-30 00:00:00,4966200000.0,4966200000.0,1458400100.0,2664700000.0,71300000.0,185500000.0,2735999900.0,702200000.0,2033800100.0,2032499900.0,5.71,1.0,0.5366,0.5509,0.4093,0.4487,3113799900.0,2664699700.0,5.6845,5.703,5.703,2033800100.0,2033799900.0,0.627,0.4961,CME
2019-06-30 00:00:00,4593100000.0,4593100000.0,1327700100.0,2529400000.0,45200000.0,187700000.0,2574599900.0,765300000.0,1809300100.0,1807999900.0,5.14,1.0,0.5507,0.5605,0.3936,0.4414,2911199900.0,2529399700.0,5.1165,5.1344,5.1344,1809300100.0,1809299900.0,0.6338,0.4868,CME
2019-03-31 00:00:00,4380000000.0,4380000000.0,1213100100.0,2497700100.0,131600000.0,175700000.0,2629299900.0,768500000.0,1860800100.0,1860299900.0,5.37,1.0,0.5703,0.6003,0.4247,0.488,2808199900.0,2497699800.0,5.3404,5.3608,5.3608,1860800100.0,1860799900.0,0.6411,0.5217,CME
2018-12-31 00:00:00,4309400000.0,4309400000.0,1126100100.0,2607600100.0,170200000.0,157700000.0,2777799900.0,814100000.0,1963700100.0,1962199900.0,5.74,1.0,0.6051,0.6446,0.4553,0.5393,2856299900.0,2607599800.0,5.7127,5.7361,5.7361,1963700100.0,1963699900.0,0.6628,0.5664,CME
2018-09-30 00:00:00,3972799900.0,3972799900.0,992000000.0,2494599900.0,187400000.0,137300000.0,2682000000.0,-1833900000.0,4515900000.0,4515900000.0,13.31,1.0,0.6279,0.6751,1.1367,0.5792,2702999800.0,2494600100.0,13.263,13.3211,13.3211,4515900000.0,4515900000.0,0.6804,0.6018,CME
2018-06-30 00:00:00,3959399900.0,3959399900.0,992100000.0,2512299900.0,215200000.0,121400000.0,2727500000.0,-1685200000.0,4412700000.0,4412700000.0,13.01,1.0,0.6345,0.6889,1.1145,0.5661,2717499800.0,2512300100.0,12.9623,13.0193,13.0193,4412700000.0,4412700000.0,0.6863,0.5848,CME
2018-03-31 00:00:00,3824399900.0,3824399900.0,969700000.0,2450599900.0,157400000.0,117300000.0,2608000000.0,-1654400000.0,4262400000.0,4262400000.0,12.57,1.0,0.6408,0.6819,1.1145,0.5168,2657499800.0,2450600100.0,12.5245,12.5799,12.5799,4262400000.0,4262400000.0,0.6949,0.5378,CME
2017-12-31 00:00:00,3644699900.0,3644699900.0,929400000.0,2310599900.0,215700000.0,117000000.0,2526300000.0,-1537100000.0,4063400000.0,4063400000.0,11.99,1.0,0.634,0.6931,1.1149,0.458,2519099800.0,2310600100.0,11.9433,11.9968,11.9968,4063400000.0,4063400000.0,0.6912,0.4805,CME
2017-09-30 00:00:00,3657600000.0,3657600000.0,936800000.0,2311699900.0,234100000.0,119500000.0,2545800100.0,1048200000.0,1497600100.0,1497600100.0,4.42,1.0,0.632,0.696,0.4094,0.4671,2526399800.0,2311699900.0,4.4061,4.4254,4.4254,1497600100.0,1497600100.0,0.6907,0.4895,CME
2017-06-30 00:00:00,3608500000.0,3608500000.0,922200000.0,2269399900.0,217900000.0,121500000.0,2487300100.0,825500000.0,1661800100.0,1661800100.0,4.91,1.0,0.6289,0.6893,0.4605,0.4633,2488599800.0,2269399900.0,4.8934,4.915,4.915,1661800100.0,1661800100.0,0.6896,0.4882,CME
2017-03-31 00:00:00,3590300000.0,3590300000.0,924300000.0,2227499900.0,188600000.0,123500000.0,2416100100.0,850000000.0,1566100100.0,1566100100.0,4.63,1.0,0.6204,0.673,0.4362,0.4539,2448300000.0,2227499900.0,4.6156,4.6358,4.6358,1566100100.0,1566100100.0,0.6819,0.4795,CME
2016-12-31 00:00:00,3595200000.0,3595200000.0,921000000.0,2200499900.0,87100000.0,123500000.0,2287600100.0,753500000.0,1534100100.0,1534100100.0,4.54,1.0,0.6121,0.6363,0.4267,0.4562,2425800000.0,2200499900.0,4.5259,4.5454,4.5454,1534100100.0,1534100100.0,0.6747,0.4818,CME
2016-09-30 00:00:00,3496100000.0,3496100000.0,895900000.0,2132400000.0,29500000.0,120800000.0,2161900100.0,709500000.0,1452400000.0,1452400000.0,4.31,1.0,0.6099,0.6184,0.4154,0.4396,2356200100.0,2132400100.0,4.288,4.3067,4.3067,1452400000.0,1452400000.0,0.674,0.4644,CME
2016-06-30 00:00:00,3504700000.0,3504700000.0,901900000.0,2123500000.0,6000000.0,118000000.0,2129500100.0,790000000.0,1339500000.0,1339500000.0,3.98,1.0,0.6059,0.6076,0.3822,0.4324,2349400100.0,2123500100.0,3.9583,3.9763,3.9763,1339500000.0,1339500000.0,0.6704,0.459,CME
2016-03-31 00:00:00,3418300000.0,3418300000.0,895100000.0,2055300000.0,-43800000.0,115600000.0,2011500100.0,727100000.0,1284400000.0,1284400000.0,3.82,1.0,0.6013,0.5885,0.3757,0.4507,2285100000.0,2055300100.0,3.7977,3.8159,3.8159,1284400000.0,1284400000.0,0.6685,0.4808,CME
2015-12-31 00:00:00,3326800000.0,3326800000.0,892600000.0,1988700000.0,-31900000.0,117400000.0,1956800100.0,709800000.0,1247000000.0,1247000000.0,3.71,1.0,0.5978,0.5882,0.3748,0.4263,2217300000.0,1988700100.0,3.6905,3.7089,3.7089,1247000000.0,1247000000.0,0.6665,0.4607,CME
2015-09-30 00:00:00,3354100100.0,3354100100.0,902800000.0,1990300100.0,-28200000.0,117200000.0,1962100100.0,700300000.0,1261800100.0,1261800000.0,3.75,1.0,0.5934,0.585,0.3762,0.4523,2219000100.0,1990300000.0,3.7388,3.7576,3.7576,1261800100.0,1261800000.0,0.6616,0.4901,CME
2015-06-30 00:00:00,3266200100.0,3266200100.0,888400000.0,1904300100.0,-29500000.0,117600000.0,1874800100.0,682900000.0,1191900100.0,1191900000.0,3.55,1.0,0.583,0.574,0.3649,0.3951,2133700100.0,1904300000.0,3.5371,3.5547,3.5547,1191900100.0,1191900000.0,0.6533,0.433,CME
2015-03-31 00:00:00,3177800100.0,3177800100.0,893500000.0,1821200100.0,27600000.0,117300000.0,1848800100.0,658100000.0,1190700100.0,1190700000.0,3.55,1.0,0.5731,0.5818,0.3747,0.375,2051800100.0,1821200000.0,3.5382,3.5557,3.5557,1190700100.0,1190700000.0,0.6457,0.4177,CME
2014-12-31 00:00:00,3112500100.0,3112500100.0,885500000.0,1768400100.0,3000000.0,119400000.0,1771400100.0,644500000.0,1126900100.0,1127100000.0,3.37,1.0,0.5682,0.5691,0.3621,0.3722,2001600100.0,1768400000.0,3.3533,3.3698,3.3698,1126900100.0,1126900000.0,0.6431,0.4149,CME
2014-09-30 00:00:00,2958400200.0,2958400200.0,871600000.0,1620100300.0,-15500000.0,129300000.0,1604600000.0,591100000.0,1013500000.0,1013700000.0,3.04,1.0,0.5476,0.5424,0.3427,0.4178,1856800300.0,1620100200.0,3.0175,3.0333,3.0333,1013500000.0,1013500000.0,0.6276,0.3958,CME
2014-06-30 00:00:00,2910600200.0,2910600200.0,878100000.0,1590200300.0,-15800000.0,135200000.0,1574400000.0,614600000.0,959800000.0,960400000.0,2.88,1.0,0.5463,0.5409,0.33,0.3846,1829500300.0,1590200200.0,2.8609,2.8762,2.8762,959800000.0,959800000.0,0.6286,0.3664,CME
2014-03-31 00:00:00,2995100200.0,2995100200.0,858400000.0,1686000300.0,-26200000.0,146100000.0,1659800000.0,652500000.0,1007300000.0,1007800000.0,3.03,1.0,0.5629,0.5542,0.3365,0.4427,1924900300.0,1686000200.0,3.0071,3.0233,3.0233,1007300000.0,1007300000.0,0.6427,0.4232,CME
2013-12-31 00:00:00,2936300200.0,2936300200.0,836000000.0,1637000300.0,-36000000.0,151400000.0,1601000000.0,622900000.0,978100000.0,976800000.0,2.94,1.0,0.5575,0.5452,0.3327,0.4588,1875100300.0,1637000200.0,2.9249,2.9401,2.9401,978100000.0,978100000.0,0.6386,0.4361,CME
2013-09-30 00:00:00,2910200100.0,2910200100.0,801100000.0,1689400200.0,-41900000.0,156800000.0,1647500100.0,694400100.0,953100000.0,950500000.0,2.86,1.0,0.5805,0.5661,0.3266,0.373,1927400200.0,1689400100.0,2.8546,2.8683,2.8683,953100000.0,953100100.0,0.6623,0.4196,CME
2013-06-30 00:00:00,2878800100.0,2878800100.0,768200000.0,1684900200.0,-40500000.0,152400000.0,1644400100.0,708700100.0,935700000.0,931800000.0,2.81,1.0,0.5853,0.5712,0.3237,0.4147,1923000200.0,1684900100.0,2.8069,2.8188,2.8188,935700000.0,935700100.0,0.668,0.4622,CME
2013-03-31 00:00:00,2858600100.0,2858600100.0,779600000.0,1646300200.0,1300000.0,142100000.0,1647600100.0,769800100.0,877800000.0,865500000.0,2.61,1.0,0.5759,0.5764,0.3028,0.4315,1890200200.0,1646300100.0,2.638,2.6475,2.6475,877800000.0,877800100.0,0.6612,0.4268,CME
2012-12-31 00:00:00,2914600100.0,2914600100.0,796900000.0,1692000200.0,1400000.0,132200000.0,1693400100.0,786700100.0,906700000.0,896300000.0,5.93,1.0,0.5805,0.581,0.3075,0.4208,1945100200.0,1692000100.0,2.7284,2.7373,2.7373,906700000.0,906700100.0,0.6674,0.4185,CME
