Date,Revenue,Cost of Revenue,Gross Profit,SG&A Expenses,Operating Income,Interest Expense (Operating),Non-operating Income/Expense,Non-operating Interest Expenses,EBT,Income Tax Provision,Income after Tax,Net Income Common,EPS (Basic),Gross Margin,EBIT Margin,EBT margin,Net Profit Margin,Free Cash Flow Margin,EBITDA,EBIT,"EPS (Diluted, from Cont. Ops)","EPS (Diluted, from Disc. Ops)","EPS (Basic, Consolidated)","EPS (Basic, from Discontinued Ops)","EPS (Basic, from Continuous Ops)",Income from Continuous Operations,Income from Discontinued Operations,Consolidated Net Income/Loss,EBITDA Margin,Operating Cash Flow Margin,Ticker
2022-09-30 00:00:00,8351000000.0,6874000000.0,1477000000.0,2080000000.0,1157000000.0,506000000.0,181000000.0,133000000.0,837000000.0,77000000.0,760000000.0,1291000000.0,4.47,0.1769,0.1385,0.1002,0.1546,-0.1639,2269000000.0,1157000000.0,2.66,1.91,4.4382,1.91,2.66,760000000.0,554000000.0,760000000.0,0.2717,0.1201,CMS
2022-06-30 00:00:00,8052000000.0,6492000000.0,1560000000.0,2071000000.0,1159000000.0,501000000.0,167000000.0,129000000.0,834000000.0,84000000.0,750000000.0,1314000000.0,4.55,0.1937,0.1439,0.1036,0.1632,-0.0962,2278000000.0,1159000000.0,2.64,,4.5084,,2.64,750000000.0,,750000000.0,0.2829,0.1877,CMS
2022-03-31 00:00:00,7690000000.0,5520000000.0,2170000000.0,2032000000.0,1172000000.0,500000000.0,48000000.0,253000000.0,853000000.0,92000000.0,761000000.0,1345000000.0,4.66,0.2822,0.1524,0.1109,0.1749,-0.0606,2293000000.0,1172000000.0,2.69,1.97,4.6096,1.97,2.69,761000000.0,572000000.0,779000000.0,0.2982,0.2203,CMS
2021-12-31 00:00:00,7329000000.0,4546000000.0,2783000000.0,1999000000.0,1146000000.0,512000000.0,-79000000.0,377000000.0,823000000.0,95000000.0,728000000.0,1348000000.0,4.66,0.3797,0.1564,0.1123,0.1839,-0.0351,2260000000.0,1146000000.0,2.58,2.08,4.6021,2.08,2.58,728000000.0,602000000.0,780000000.0,0.3084,0.2482,CMS
2021-09-30 00:00:00,6961000000.0,3466000000.0,3495000000.0,1828000000.0,1216000000.0,526000000.0,-243000000.0,487000000.0,852000000.0,114000000.0,738000000.0,869000000.0,3.01,0.5021,0.1747,0.1224,0.1248,-0.0639,2328000000.0,1216000000.0,2.598,0.41,2.9754,0.41,2.6023,738000000.0,120000000.0,828000000.0,0.3344,0.232,CMS
2021-06-30 00:00:00,6743000000.0,2668000000.0,4075000000.0,1692000000.0,1296000000.0,544000000.0,-385000000.0,492000000.0,911000000.0,128000000.0,783000000.0,901000000.0,3.13,0.6043,0.1922,0.1351,0.1336,-0.059,2384000000.0,1296000000.0,2.778,0.35,3.0777,0.35,2.7823,783000000.0,102000000.0,885000000.0,0.3536,0.2739,CMS
2021-03-31 00:00:00,6567000000.0,2569000000.0,3998000000.0,1641000000.0,1292000000.0,560000000.0,-403000000.0,494000000.0,889000000.0,130000000.0,759000000.0,861000000.0,3.0,0.6088,0.1967,0.1354,0.1311,-0.0483,2357000000.0,1292000000.0,2.678,0.32,2.9659,0.32,2.6823,759000000.0,92000000.0,851000000.0,0.3589,0.2904,CMS
2020-12-31 00:00:00,6418000000.0,2508000000.0,3910000000.0,1637000000.0,1230000000.0,561000000.0,-421000000.0,507000000.0,809000000.0,115000000.0,694000000.0,755000000.0,2.65,0.6092,0.1916,0.1261,0.1176,-0.1613,2273000000.0,1230000000.0,2.44,0.2,2.6386,0.2,2.45,694000000.0,65000000.0,752000000.0,0.3542,0.1988,CMS
2020-09-30 00:00:00,6327000000.0,2555000000.0,3772000000.0,1605000000.0,1143000000.0,555000000.0,-342000000.0,472000000.0,801000000.0,112000000.0,689000000.0,764000000.0,2.69,0.5962,0.1807,0.1266,0.1208,-0.1076,2166000000.0,1143000000.0,2.4326,0.1,2.6659,0.1,2.4408,689000000.0,27000000.0,758000000.0,0.3423,0.2432,CMS
2020-06-30 00:00:00,6366000000.0,2566000000.0,3800000000.0,1633000000.0,1154000000.0,,-342000000.0,475000000.0,812000000.0,114000000.0,698000000.0,753000000.0,2.66,0.5969,0.1813,0.1276,0.1183,-0.1048,2166000000.0,1154000000.0,2.4399,0.07,2.662,0.07,2.4522,698000000.0,17000000.0,755000000.0,0.3402,0.2201,CMS
2020-03-31 00:00:00,6429000000.0,2642000000.0,3787000000.0,1656000000.0,1124000000.0,,-351000000.0,480000000.0,773000000.0,110000000.0,663000000.0,710000000.0,2.51,0.589,0.1748,0.1202,0.1104,-0.119,2131000000.0,1124000000.0,2.3209,,2.5144,,2.3345,663000000.0,,712000000.0,0.3315,0.2137,CMS
2019-12-31 00:00:00,6624000000.0,2833000000.0,3791000000.0,1687000000.0,1115000000.0,,-351000000.0,464000000.0,764000000.0,131000000.0,633000000.0,680000000.0,2.4,0.5723,0.1683,0.1153,0.1027,-0.0463,2104000000.0,1115000000.0,2.22,,2.4099,,2.23,633000000.0,,682000000.0,0.3176,0.2702,CMS
2019-09-30 00:00:00,6879000000.0,2975000000.0,3904000000.0,1753000000.0,1178000000.0,,-428000000.0,510000000.0,750000000.0,127000000.0,623000000.0,621000000.0,2.19,0.5675,0.1712,0.109,0.0903,-0.0784,2151000000.0,1178000000.0,2.1927,,2.2015,,2.2015,623000000.0,,623000000.0,0.3127,0.2229,CMS
2019-06-30 00:00:00,6932000000.0,3044000000.0,3888000000.0,1803000000.0,1121000000.0,,-418000000.0,491000000.0,703000000.0,118000000.0,585000000.0,583000000.0,2.06,0.5609,0.1617,0.1014,0.0841,-0.1014,2085000000.0,1121000000.0,2.0622,,2.0683,,2.0683,585000000.0,,585000000.0,0.3008,0.2123,CMS
2019-03-31 00:00:00,6979000000.0,3086000000.0,3893000000.0,1783000000.0,1158000000.0,,-404000000.0,472000000.0,754000000.0,123000000.0,631000000.0,629000000.0,2.22,0.5578,0.1659,0.108,0.0901,-0.0747,2110000000.0,1158000000.0,2.2266,,2.2323,,2.2323,631000000.0,,631000000.0,0.3023,0.231,CMS
2018-12-31 00:00:00,6873000000.0,3058000000.0,3815000000.0,1720000000.0,1162000000.0,,-388000000.0,461000000.0,774000000.0,115000000.0,659000000.0,657000000.0,2.33,0.5551,0.1691,0.1126,0.0956,-0.054,2095000000.0,1162000000.0,2.3295,,2.3352,,2.3352,659000000.0,,659000000.0,0.3048,0.2478,CMS
2018-09-30 00:00:00,6822000000.0,2987000000.0,3835000000.0,1626000000.0,1291000000.0,,-421000000.0,449000000.0,870000000.0,322000000.0,548000000.0,546000000.0,1.94,0.5622,0.1892,0.1275,0.08,0.0062,2209000000.0,1291000000.0,1.9379,,1.9418,,1.9418,548000000.0,,548000000.0,0.3238,0.3036,CMS
2018-06-30 00:00:00,6750000000.0,2959000000.0,3791000000.0,1559000000.0,1327000000.0,,-430000000.0,445000000.0,897000000.0,346000000.0,551000000.0,549000000.0,1.95,0.5616,0.1966,0.1329,0.0813,0.0313,2232000000.0,1327000000.0,1.9519,,1.9561,,1.9561,551000000.0,,551000000.0,0.3307,0.2966,CMS
2018-03-31 00:00:00,6707000000.0,2950000000.0,3757000000.0,1546000000.0,1313000000.0,,-441000000.0,443000000.0,872000000.0,368000000.0,504000000.0,502000000.0,1.79,0.5602,0.1958,0.13,0.0748,0.0067,2211000000.0,1313000000.0,1.7883,,1.7925,,1.7925,504000000.0,,504000000.0,0.3297,0.2635,CMS
2017-12-31 00:00:00,6583000000.0,2844000000.0,3739000000.0,1520000000.0,1338000000.0,,-452000000.0,440000000.0,886000000.0,424000000.0,462000000.0,460000000.0,1.64,0.568,0.2033,0.1346,0.0699,0.0061,2219000000.0,1338000000.0,1.6453,,1.6499,,1.6499,462000000.0,,462000000.0,0.3371,0.259,CMS
2017-09-30 00:00:00,6445000000.0,2792000000.0,3653000000.0,1548000000.0,1239000000.0,,-451000000.0,442000000.0,788000000.0,246000000.0,542000000.0,540000000.0,1.93,0.5668,0.1922,0.1223,0.0838,-0.0107,2105000000.0,1239000000.0,1.9325,,1.938,,1.938,542000000.0,,542000000.0,0.3266,0.2462,CMS
2017-06-30 00:00:00,6505000000.0,2820000000.0,3685000000.0,1545000000.0,1284000000.0,,-444000000.0,442000000.0,840000000.0,284000000.0,556000000.0,554000000.0,1.99,0.5665,0.1974,0.1291,0.0852,0.0071,2140000000.0,1284000000.0,1.9879,,1.9941,,1.9941,556000000.0,,556000000.0,0.329,0.2532,CMS
2017-03-31 00:00:00,6427000000.0,2764000000.0,3663000000.0,1510000000.0,1318000000.0,,-435000000.0,441000000.0,883000000.0,295000000.0,588000000.0,586000000.0,2.11,0.5699,0.2051,0.1374,0.0912,0.002,2153000000.0,1318000000.0,2.1036,,2.1107,,2.1107,588000000.0,,588000000.0,0.335,0.2556,CMS
2016-12-31 00:00:00,6399000000.0,2803000000.0,3596000000.0,1529000000.0,1256000000.0,,-430000000.0,440000000.0,826000000.0,273000000.0,553000000.0,551000000.0,1.99,0.562,0.1963,0.1291,0.0861,-0.0067,2067000000.0,1256000000.0,1.9827,,1.9899,,1.9899,553000000.0,,553000000.0,0.323,0.2546,CMS
2016-09-30 00:00:00,6268000000.0,2771000000.0,3497000000.0,1478000000.0,1236000000.0,,-367000000.0,420000000.0,869000000.0,287000000.0,582000000.0,580000000.0,2.1,0.5579,0.1972,0.1386,0.0925,-0.0359,2019000000.0,1236000000.0,2.0892,,2.0973,,2.0973,582000000.0,,582000000.0,0.3221,0.2331,CMS
2016-06-30 00:00:00,6167000000.0,2731000000.0,3436000000.0,1485000000.0,1178000000.0,,-367000000.0,411000000.0,811000000.0,267000000.0,544000000.0,542000000.0,1.96,0.5572,0.191,0.1315,0.0879,-0.0368,1951000000.0,1178000000.0,1.9575,,1.9649,,1.9649,544000000.0,,544000000.0,0.3164,0.2398,CMS
2016-03-31 00:00:00,6146000000.0,2762000000.0,3384000000.0,1511000000.0,1107000000.0,,-375000000.0,405000000.0,732000000.0,245000000.0,487000000.0,485000000.0,1.76,0.5506,0.1801,0.1191,0.0789,-0.0181,1873000000.0,1107000000.0,1.7562,,1.7625,,1.7625,487000000.0,,487000000.0,0.3048,0.246,CMS
2015-12-31 00:00:00,6456000000.0,3043000000.0,3413000000.0,1485000000.0,1178000000.0,,-382000000.0,400000000.0,796000000.0,271000000.0,525000000.0,523000000.0,1.9,0.5287,0.1825,0.1233,0.081,0.0118,1928000000.0,1178000000.0,1.8988,,1.9049,,1.9049,525000000.0,,525000000.0,0.2986,0.254,CMS
2015-09-30 00:00:00,6705000000.0,3265000000.0,3440000000.0,1503000000.0,1191000000.0,,-410000000.0,412000000.0,781000000.0,266000000.0,515000000.0,513000000.0,1.86,0.513,0.1776,0.1165,0.0765,0.0574,1937000000.0,1191000000.0,1.8624,,1.8652,,1.8652,515000000.0,,515000000.0,0.2889,0.2892,CMS
2015-06-30 00:00:00,6649000000.0,3294000000.0,3355000000.0,1519000000.0,1110000000.0,,-411000000.0,412000000.0,699000000.0,238000000.0,461000000.0,459000000.0,1.67,0.5046,0.1669,0.1051,0.069,0.0326,1836000000.0,1110000000.0,1.6701,,1.6721,,1.6721,461000000.0,,461000000.0,0.2761,0.2716,CMS
2015-03-31 00:00:00,6767000000.0,3411000000.0,3356000000.0,1507000000.0,1141000000.0,,-419000000.0,410000000.0,722000000.0,245000000.0,477000000.0,475000000.0,1.73,0.4959,0.1686,0.1067,0.0702,0.0013,1849000000.0,1141000000.0,1.7298,,1.7386,,1.7386,477000000.0,,477000000.0,0.2732,0.2409,CMS
2014-12-31 00:00:00,7179000000.0,3858000000.0,3321000000.0,1484000000.0,1152000000.0,,-423000000.0,410000000.0,729000000.0,250000000.0,479000000.0,477000000.0,1.77,0.4626,0.1605,0.1015,0.0664,-0.0134,1837000000.0,1152000000.0,1.7444,,1.7701,,1.7701,479000000.0,,479000000.0,0.2559,0.2063,CMS
2014-09-30 00:00:00,7157000000.0,3833000000.0,3324000000.0,1513000000.0,1143000000.0,,-402000000.0,406000000.0,741000000.0,257000000.0,484000000.0,483000000.0,1.8,0.4644,0.1597,0.1035,0.0675,-0.0398,1811000000.0,1143000000.0,1.7691,,1.8074,,1.8074,484000000.0,,484000000.0,0.253,0.1768,CMS
2014-06-30 00:00:00,7172000000.0,3823000000.0,3349000000.0,1465000000.0,1224000000.0,,-406000000.0,403000000.0,818000000.0,301000000.0,517000000.0,515000000.0,1.94,0.467,0.1707,0.1141,0.0718,-0.0202,1884000000.0,1224000000.0,1.8938,,1.9439,,1.9439,517000000.0,,517000000.0,0.2627,0.1761,CMS
2014-03-31 00:00:00,7110000000.0,3784000000.0,3326000000.0,1459000000.0,1221000000.0,,-395000000.0,404000000.0,826000000.0,312000000.0,514000000.0,512000000.0,1.93,0.4678,0.1717,0.1162,0.072,-0.0068,1867000000.0,1221000000.0,1.8855,,1.9367,,1.9367,514000000.0,,514000000.0,0.2626,0.1838,CMS
2013-12-31 00:00:00,6566000000.0,3326000000.0,3240000000.0,1470000000.0,1142000000.0,,-386000000.0,401000000.0,756000000.0,302000000.0,454000000.0,452000000.0,1.71,0.4935,0.1739,0.1151,0.0688,0.0146,1770000000.0,1142000000.0,1.6698,,1.7164,,1.7164,454000000.0,,454000000.0,0.2696,0.2164,CMS
2013-09-30 00:00:00,6500000000.0,3333000000.0,3167000000.0,1455000000.0,1090000000.0,,-389000000.0,398000000.0,701000000.0,282000000.0,419000000.0,417000000.0,1.59,0.4872,0.1677,0.1078,0.0642,0.0245,1711000000.0,1090000000.0,1.5461,,1.5895,,1.5921,419000000.0,,419000000.0,0.2632,0.2192,CMS
2013-06-30 00:00:00,6562000000.0,3367000000.0,3195000000.0,1465000000.0,1116000000.0,,-386000000.0,396000000.0,730000000.0,289000000.0,441000000.0,439000000.0,1.67,0.4869,0.1701,0.1112,0.0669,0.0245,1730000000.0,1116000000.0,1.6292,,1.6767,,1.6725,441000000.0,,441000000.0,0.2636,0.2123,CMS
2013-03-31 00:00:00,6489000000.0,3297000000.0,3192000000.0,1441000000.0,1144000000.0,,-381000000.0,392000000.0,763000000.0,302000000.0,461000000.0,459000000.0,1.75,0.4919,0.1763,0.1176,0.0707,0.0191,1751000000.0,1144000000.0,1.7016,,1.7572,,1.7463,461000000.0,,461000000.0,0.2698,0.2051,CMS
2012-12-31 00:00:00,6253000000.0,3199000000.0,3054000000.0,1453000000.0,1003000000.0,,-381000000.0,393000000.0,622000000.0,245000000.0,377000000.0,382000000.0,1.46,0.4884,0.1604,0.0995,0.0611,0.0022,1601000000.0,1003000000.0,1.39,,1.473,,1.43,377000000.0,,384000000.0,0.256,0.1985,CMS
