Date,Revenue,Cost of Revenue,Gross Profit,SG&A Expenses,Operating Income,Non-operating Income/Expense,EBT,Income Tax Provision,Income after Tax,Net Income Common,EPS (Basic),Gross Margin,EBIT Margin,EBT margin,Net Profit Margin,Free Cash Flow Margin,"EPS (Diluted, from Cont. Ops)","EPS (Diluted, from Disc. Ops)","EPS (Basic, Consolidated)","EPS (Basic, from Discontinued Ops)","EPS (Basic, from Continuous Ops)",Income from Continuous Operations,Income from Discontinued Operations,Consolidated Net Income/Loss,EBITDA Margin,Operating Cash Flow Margin,Ticker
2022-09-30 00:00:00,33279000000.0,2543000000.0,33328000000.0,22515000000.0,10755000000.0,,10755000000.0,2201000000.0,8554000000.0,8179000000.0,20.19,1.0015,0.0,0.3232,0.2458,0.2523,20.3,-0.0056,21.2939,-0.0056,20.37,8554000000.0,,8459000000.0,0.0,0.2775,COF
2022-06-30 00:00:00,32405000000.0,1728000000.0,32353000000.0,19753000000.0,12554000000.0,,12554000000.0,2590000000.0,9964000000.0,9550000000.0,22.77,0.9984,0.0,0.3874,0.2947,0.2743,22.88,,23.9493,,22.97,9964000000.0,-1000000.0,9864000000.0,0.0,0.2984,COF
2022-03-31 00:00:00,31949000000.0,1546000000.0,31495000000.0,16900000000.0,14558000000.0,,14558000000.0,3088000000.0,11470000000.0,11047000000.0,25.46,0.9858,0.0,0.4557,0.3458,0.32,25.54,,26.6049,,25.64,11470000000.0,-2000000.0,11394000000.0,0.0,0.3435,COF
2021-12-31 00:00:00,31372000000.0,1598000000.0,30435000000.0,14597000000.0,15809000000.0,221000000.0,15809000000.0,3415000000.0,12394000000.0,11965000000.0,26.9,0.9701,0.0,0.5039,0.3814,0.3858,26.95,-0.0099,27.9999,-0.01,27.05,12394000000.0,-4000000.0,12344000000.0,0.0,0.4081,COF
2021-09-30 00:00:00,31108000000.0,1735000000.0,29654000000.0,13816000000.0,15814000000.0,227000000.0,15814000000.0,3278000000.0,12536000000.0,12154000000.0,26.85,0.9533,0.0,0.5084,0.3907,0.4135,26.87,-0.0143,27.7826,-0.0144,26.96,12536000000.0,-5000000.0,12505000000.0,0.0,0.435,COF
2021-06-30 00:00:00,31218000000.0,2013000000.0,29205000000.0,13842000000.0,15330000000.0,241000000.0,15330000000.0,3492000000.0,11838000000.0,11486000000.0,25.14,0.9355,0.0,0.4911,0.3679,0.3994,25.15,-0.0143,25.9644,-0.0144,25.22,11838000000.0,-5000000.0,11833000000.0,0.0,0.4221,COF
2021-03-31 00:00:00,30862000000.0,2475000000.0,28387000000.0,19041000000.0,9302000000.0,217000000.0,9302000000.0,1918000000.0,7384000000.0,7031000000.0,15.28,0.9198,0.0,0.3014,0.2278,0.395,15.32,-0.0143,16.107,-0.0144,15.36,7384000000.0,-5000000.0,7379000000.0,0.0,0.4188,COF
2020-12-31 00:00:00,31643000000.0,3120000000.0,28523000000.0,25260000000.0,3203000000.0,261000000.0,3203000000.0,486000000.0,2717000000.0,2375000000.0,5.12,0.9014,0.0,0.1012,0.0751,0.5053,5.19,-0.0142,5.9284,-0.0143,5.2,2717000000.0,-3000000.0,2714000000.0,0.0,0.5277,COF
2020-09-30 00:00:00,32419000000.0,3806000000.0,28613000000.0,26946000000.0,1587000000.0,304000000.0,1587000000.0,260000000.0,1327000000.0,931000000.0,2.02,0.8826,0.0,0.049,0.0287,0.4748,2.01,0.0036,2.8789,0.0035,2.02,1327000000.0,-3000000.0,1324000000.0,0.0,0.4995,COF
2020-06-30 00:00:00,32675000000.0,4484000000.0,28191000000.0,28311000000.0,-211000000.0,200000000.0,-211000000.0,-461000000.0,250000000.0,-118000000.0,-0.34,0.8628,0.0,-0.0065,-0.0036,0.487,-0.37,0.0236,0.4625,0.0235,-0.35,250000000.0,1000000.0,251000000.0,0.0,0.5125,COF
2020-03-31 00:00:00,33715000000.0,4956000000.0,28759000000.0,25403000000.0,3252000000.0,-4000000.0,3252000000.0,469000000.0,2783000000.0,2424000000.0,5.13,0.853,0.0,0.0965,0.0719,0.4837,5.06,,5.9242,,5.1,2783000000.0,11000000.0,2794000000.0,0.0,0.5092,COF
2019-12-31 00:00:00,33766000000.0,5173000000.0,28593000000.0,21607000000.0,6874000000.0,-169000000.0,6874000000.0,1341000000.0,5533000000.0,5192000000.0,11.1,0.8468,0.0,0.2036,0.1538,0.4665,11.02,0.03,11.8606,0.03,11.07,5533000000.0,13000000.0,5546000000.0,0.0,0.4928,COF
2019-09-30 00:00:00,33376000000.0,5197000000.0,28179000000.0,21383000000.0,6669000000.0,,6669000000.0,1050000000.0,5619000000.0,5323000000.0,11.33,0.8443,0.0,0.1998,0.1595,0.4681,11.27,0.0242,11.9957,0.0243,11.33,5619000000.0,12000000.0,5631000000.0,0.0,0.4931,COF
2019-06-30 00:00:00,33150000000.0,4968000000.0,28182000000.0,21150000000.0,6886000000.0,,6886000000.0,1095000000.0,5791000000.0,5493000000.0,11.63,0.8501,0.0,0.2077,0.1657,0.4693,11.58,0.0142,12.3001,0.0143,11.64,5791000000.0,9000000.0,5800000000.0,0.0,0.4947,COF
2019-03-31 00:00:00,32933000000.0,4683000000.0,28250000000.0,20715000000.0,7375000000.0,,7375000000.0,1283000000.0,6092000000.0,5774000000.0,12.11,0.8578,0.0,0.2239,0.1753,0.4676,12.09,-0.0258,12.7776,-0.0257,12.16,6092000000.0,-11000000.0,6081000000.0,0.0,0.4935,COF
2018-12-31 00:00:00,32377000000.0,4301000000.0,28076000000.0,20584000000.0,7318000000.0,,7318000000.0,1293000000.0,6025000000.0,5710000000.0,11.88,0.8672,0.0,0.226,0.1764,0.3738,11.84,-0.02,12.5339,-0.02,11.92,6025000000.0,-10000000.0,6015000000.0,0.0,0.4008,COF
2018-09-30 00:00:00,31940000000.0,3864000000.0,28076000000.0,20501000000.0,7383000000.0,,7383000000.0,3484000000.0,3899000000.0,3495000000.0,7.22,0.879,0.0,0.2312,0.1094,0.3825,7.42,-0.23,7.8276,-0.24,7.47,3899000000.0,-116000000.0,3783000000.0,0.0,0.4111,COF
2018-06-30 00:00:00,31574000000.0,3475000000.0,28099000000.0,20843000000.0,7047000000.0,,7047000000.0,3512000000.0,3535000000.0,3102000000.0,6.37,0.8899,0.0,0.2232,0.0982,0.3763,6.63,-0.29,6.9669,-0.3,6.68,3535000000.0,-147000000.0,3388000000.0,0.0,0.4069,COF
2018-03-31 00:00:00,30696000000.0,3085000000.0,27611000000.0,21339000000.0,6045000000.0,,6045000000.0,3380000000.0,2665000000.0,2236000000.0,4.59,0.8995,0.0,0.1969,0.0728,0.3787,4.86,-0.29,5.1783,-0.3,4.9,2665000000.0,-147000000.0,2518000000.0,0.0,0.4113,COF
2017-12-31 00:00:00,29999000000.0,2762000000.0,27237000000.0,21500000000.0,5492000000.0,,5492000000.0,3375000000.0,2117000000.0,1704000000.0,3.51,0.9079,0.0,0.1831,0.0568,0.4388,3.76,-0.27,4.0934,-0.28,3.8,2117000000.0,-135000000.0,1982000000.0,0.0,0.4727,COF
2017-09-30 00:00:00,29323000000.0,2533000000.0,26790000000.0,21186000000.0,5319000000.0,,5319000000.0,1547000000.0,3772000000.0,3457000000.0,7.15,0.9136,0.0,0.1814,0.1179,0.3765,7.14,-0.06,7.7505,-0.06,7.23,3772000000.0,-28000000.0,3744000000.0,0.0,0.4122,COF
2017-06-30 00:00:00,28596000000.0,2330000000.0,26266000000.0,20707000000.0,5246000000.0,,5246000000.0,1595000000.0,3651000000.0,3372000000.0,6.91,0.9185,0.0,0.1835,0.1179,0.3977,6.86,-0.02,7.4732,-0.02,6.95,3651000000.0,-9000000.0,3642000000.0,0.0,0.4305,COF
2017-03-31 00:00:00,27969000000.0,2153000000.0,25816000000.0,20346000000.0,5123000000.0,,5123000000.0,1576000000.0,3547000000.0,3295000000.0,6.65,0.923,0.0,0.1832,0.1178,0.3593,6.59,0.0,7.1736,0.0,6.67,3547000000.0,1000000.0,3548000000.0,0.0,0.3903,COF
2016-12-31 00:00:00,27519000000.0,2018000000.0,25501000000.0,19631000000.0,5484000000.0,,5484000000.0,1714000000.0,3770000000.0,3513000000.0,6.94,0.9267,0.0,0.1993,0.1277,0.4025,6.93,-0.04,7.4292,-0.04,7.0,3770000000.0,-19000000.0,3751000000.0,0.0,0.4308,COF
2016-09-30 00:00:00,27008000000.0,1879000000.0,25129000000.0,19058000000.0,5683000000.0,,5683000000.0,1798000000.0,3885000000.0,3651000000.0,7.07,0.9304,0.0,0.2104,0.1352,0.3834,7.02,0.0,7.5187,0.0,7.07,3885000000.0,-5000000.0,3880000000.0,0.0,0.4067,COF
2016-06-30 00:00:00,26334000000.0,1766000000.0,24568000000.0,18344000000.0,5819000000.0,,5819000000.0,1832000000.0,3987000000.0,3768000000.0,7.15,0.9329,0.0,0.221,0.1431,0.4451,7.09,0.01,7.5738,0.01,7.14,3987000000.0,2000000.0,3989000000.0,0.0,0.4689,COF
2016-03-31 00:00:00,25674000000.0,1688000000.0,23986000000.0,17877000000.0,5688000000.0,,5688000000.0,1792000000.0,3896000000.0,3727000000.0,6.97,0.9343,0.0,0.2215,0.1452,0.4566,6.88,0.03,7.3146,0.03,6.94,3896000000.0,14000000.0,3910000000.0,0.0,0.4766,COF
2015-12-31 00:00:00,25038000000.0,1625000000.0,23413000000.0,17102000000.0,5881000000.0,,5881000000.0,1869000000.0,4012000000.0,3872000000.0,7.15,0.9351,0.0,0.2349,0.1546,0.3832,7.0,0.07,7.4751,0.07,7.08,4012000000.0,38000000.0,4050000000.0,0.0,0.4045,COF
2015-09-30 00:00:00,24623000000.0,1591000000.0,23032000000.0,16615000000.0,5967000000.0,,5967000000.0,1893000000.0,4074000000.0,3998000000.0,7.31,0.9354,0.0,0.2423,0.1624,0.4102,7.11,0.1,7.5459,0.1,7.21,4074000000.0,55000000.0,4129000000.0,0.0,0.4308,COF
2015-06-30 00:00:00,24348000000.0,1577000000.0,22771000000.0,16317000000.0,5980000000.0,,5980000000.0,1899000000.0,4081000000.0,3975000000.0,7.2,0.9352,0.0,0.2456,0.1633,0.3389,7.06,0.03,7.4159,0.03,7.17,4081000000.0,15000000.0,4096000000.0,0.0,0.3586,COF
2015-03-31 00:00:00,24141000000.0,1574000000.0,22567000000.0,15539000000.0,6529000000.0,,6529000000.0,2096000000.0,4433000000.0,4322000000.0,7.75,0.9348,0.0,0.2705,0.179,0.3153,7.64,-0.01,7.9382,-0.01,7.76,4433000000.0,-6000000.0,4427000000.0,0.0,0.3371,COF
2014-12-31 00:00:00,23869000000.0,1579000000.0,22290000000.0,15189000000.0,6569000000.0,,6569000000.0,2146000000.0,4423000000.0,4343000000.0,7.71,0.9338,0.0,0.2752,0.182,0.3688,7.58,0.01,7.8636,0.01,7.7,4423000000.0,5000000.0,4428000000.0,0.0,0.3898,COF
2014-09-30 00:00:00,23627000000.0,1606000000.0,22021000000.0,14945000000.0,6501000000.0,,6501000000.0,2173000000.0,4328000000.0,4204000000.0,7.42,0.932,0.0,0.2752,0.1779,0.3659,7.38,-0.13,7.5424,-0.14,7.5,4328000000.0,-47000000.0,4281000000.0,0.0,0.3913,COF
2014-06-30 00:00:00,23687000000.0,1654000000.0,22033000000.0,14894000000.0,6533000000.0,,6533000000.0,2212000000.0,4321000000.0,4235000000.0,7.42,0.9302,0.0,0.2758,0.1788,0.3952,7.3,-0.03,7.5093,-0.04,7.42,4321000000.0,-16000000.0,4305000000.0,0.0,0.4213,COF
2014-03-31 00:00:00,23917000000.0,1714000000.0,22203000000.0,14960000000.0,6606000000.0,,6606000000.0,2262000000.0,4344000000.0,4149000000.0,7.24,0.9283,0.0,0.2762,0.1735,0.4207,7.29,-0.21,7.3107,-0.22,7.41,4344000000.0,-125000000.0,4219000000.0,0.0,0.4504,COF
2013-12-31 00:00:00,24176000000.0,1792000000.0,22384000000.0,15135000000.0,6578000000.0,,6578000000.0,2224000000.0,4354000000.0,4051000000.0,7.06,0.9259,0.0,0.2721,0.1676,0.3791,7.28,-0.39,7.1088,-0.4,7.39,4354000000.0,-233000000.0,4121000000.0,0.0,0.413,COF
2013-09-30 00:00:00,24427000000.0,1963000000.0,22464000000.0,15442000000.0,6326000000.0,,6593000000.0,2291000000.0,4302000000.0,4017000000.0,7.01,0.9196,0.0,0.2699,0.1644,0.3325,7.02,-0.3,6.8913,-0.31,7.13,4302000000.0,-215000000.0,4087000000.0,0.0,0.3662,COF
2013-06-30 00:00:00,24728000000.0,2133000000.0,22595000000.0,15457000000.0,6404000000.0,,6623000000.0,2251000000.0,4372000000.0,4103000000.0,7.15,0.9137,0.0,0.2678,0.1659,0.391,7.19,-0.34,7.0307,-0.35,7.29,4372000000.0,-212000000.0,4160000000.0,0.0,0.4213,COF
2013-03-31 00:00:00,24303000000.0,2291000000.0,22012000000.0,16373000000.0,4915000000.0,,5001000000.0,1663000000.0,3338000000.0,3104000000.0,5.42,0.9057,0.0,0.2058,0.1277,0.3875,5.47,-0.31,5.2862,-0.32,5.54,3338000000.0,-193000000.0,3145000000.0,0.0,0.4138,COF
2012-12-31 00:00:00,23771000000.0,2375000000.0,21396000000.0,15603000000.0,5184000000.0,,5184000000.0,1475000000.0,3709000000.0,3462000000.0,6.35,0.9001,0.0,0.2181,0.1456,0.3771,6.49,-0.38,6.2235,-0.39,6.56,3709000000.0,-217000000.0,3492000000.0,0.0,0.4007,COF
