Date,Revenue,Cost of Revenue,Gross Profit,SG&A Expenses,Operating Income,Interest Expense (Operating),Non-operating Income/Expense,Non-operating Interest Expenses,EBT,Income Tax Provision,Income after Tax,Net Income Common,EPS (Basic),Gross Margin,EBIT Margin,EBT margin,Net Profit Margin,Free Cash Flow Margin,EBITDA,EBIT,"EPS (Diluted, from Cont. Ops)","EPS (Diluted, from Disc. Ops)","EPS (Basic, Consolidated)","EPS (Basic, from Discontinued Ops)","EPS (Basic, from Continuous Ops)",Income from Continuous Operations,Income from Discontinued Operations,Consolidated Net Income/Loss,EBITDA Margin,Operating Cash Flow Margin,Ticker
2021-12-31 00:00:00,46056000000.0,31329000000.0,14727000000.0,2742000000.0,13816000000.0,1126000000.0,2536000000.0,884000000.0,12712000000.0,4633000000.0,8079000000.0,8079000000.0,6.07,0.3198,0.3,0.276,0.1754,0.2893,19626000000.0,13816000000.0,6.0829,,6.1012,,6.1012,8079000000.0,,8079000000.0,0.4261,0.369,COP
2021-09-30 00:00:00,37072000000.0,28229000000.0,8843000000.0,737000000.0,8435000000.0,1110000000.0,1204000000.0,867000000.0,7290000000.0,2610000000.0,4680000000.0,4680000000.0,3.36,0.2385,0.2275,0.1966,0.1262,0.2366,14710000000.0,8435000000.0,3.3537,,3.3656,,3.3656,4680000000.0,,4680000000.0,0.3968,0.3453,COP
2021-06-30 00:00:00,29643000000.0,22483000000.0,7160000000.0,1847000000.0,4328000000.0,1092000000.0,928000000.0,848000000.0,3196000000.0,1345000000.0,1851000000.0,1851000000.0,1.16,0.2415,0.146,0.1078,0.0624,0.1478,10688000000.0,4328000000.0,1.1558,,1.1622,,1.1622,1851000000.0,,1851000000.0,0.3606,0.2993,COP
2021-03-31 00:00:00,24003000000.0,17277000000.0,6726000000.0,3074000000.0,1251000000.0,1077000000.0,212000000.0,830000000.0,137000000.0,99000000.0,38000000.0,20000000.0,-0.15,0.2802,0.0521,0.0057,0.0008,0.0526,7615000000.0,1251000000.0,-0.1314,,-0.1301,,-0.1301,38000000.0,,38000000.0,0.3173,0.199,COP
2020-12-31 00:00:00,18709000000.0,12277000000.0,6432000000.0,4183000000.0,-2154000000.0,1058000000.0,-764000000.0,806000000.0,-3140000000.0,-485000000.0,-2655000000.0,-2701000000.0,-2.5,0.3438,-0.1151,-0.1678,-0.1444,0.075,4242000000.0,-2154000000.0,-2.4628,,-2.4629,,-2.4629,-2655000000.0,,-2655000000.0,0.2267,0.2567,COP
2020-09-30 00:00:00,21347000000.0,8974000000.0,12373000000.0,5738000000.0,253000000.0,1062000000.0,-1021000000.0,800000000.0,-768000000.0,372000000.0,-1140000000.0,-1209000000.0,-1.12,0.5796,0.0119,-0.036,-0.0566,0.1061,5983000000.0,253000000.0,-1.0586,,-1.0504,,-1.0504,-1140000000.0,,-1140000000.0,0.2803,0.2863,COP
2020-06-30 00:00:00,27060000000.0,10080000000.0,16980000000.0,6155000000.0,4250000000.0,,-1013000000.0,784000000.0,3237000000.0,856000000.0,2381000000.0,2297000000.0,2.06,0.6275,0.1571,0.1196,0.0849,0.1999,10159000000.0,4250000000.0,2.1177,,2.1376,,2.1376,2381000000.0,,2381000000.0,0.3754,0.2802,COP
2020-03-31 00:00:00,31424000000.0,11649000000.0,19775000000.0,6552000000.0,6292000000.0,,-1018000000.0,747000000.0,5274000000.0,1574000000.0,3700000000.0,3617000000.0,3.22,0.6293,0.2002,0.1678,0.1151,0.2255,12554000000.0,6292000000.0,3.2714,,3.2977,,3.2977,3700000000.0,,3700000000.0,0.3995,0.3283,COP
2019-12-31 00:00:00,36670000000.0,12585000000.0,24085000000.0,6831000000.0,10694000000.0,,-1170000000.0,778000000.0,9524000000.0,2267000000.0,7257000000.0,7189000000.0,6.43,0.6568,0.2916,0.2597,0.196,0.204,17110000000.0,10694000000.0,6.4591,,6.4954,,6.4954,7257000000.0,,7257000000.0,0.4666,0.3028,COP
2019-09-30 00:00:00,38891000000.0,13739000000.0,25152000000.0,6802000000.0,12021000000.0,,-1111000000.0,770000000.0,10910000000.0,2518000000.0,8392000000.0,8337000000.0,7.39,0.6467,0.3091,0.2805,0.2144,0.2277,18581000000.0,12021000000.0,7.3879,,7.4297,,7.4297,8392000000.0,,8392000000.0,0.4778,0.3061,COP
2019-06-30 00:00:00,38963000000.0,14302000000.0,24661000000.0,6945000000.0,11465000000.0,,-1142000000.0,772000000.0,10323000000.0,3129000000.0,7194000000.0,7142000000.0,6.23,0.6329,0.2943,0.2649,0.1833,0.202,17956000000.0,11465000000.0,6.2265,,6.2698,,6.2698,7194000000.0,,7194000000.0,0.4608,0.3331,COP
2019-03-31 00:00:00,39823000000.0,14639000000.0,25184000000.0,6908000000.0,11984000000.0,,-1100000000.0,784000000.0,10884000000.0,3633000000.0,7251000000.0,7202000000.0,6.23,0.6324,0.3009,0.2733,0.1809,0.1916,18425000000.0,11984000000.0,6.2151,,6.2623,,6.2623,7251000000.0,,7251000000.0,0.4627,0.3372,COP
2018-12-31 00:00:00,38727000000.0,14663000000.0,24064000000.0,6662000000.0,11044000000.0,,-1071000000.0,735000000.0,9973000000.0,3668000000.0,6305000000.0,6257000000.0,5.37,0.6214,0.2852,0.2575,0.1616,0.1876,17353000000.0,11044000000.0,5.3636,,5.405,,5.405,6305000000.0,,6305000000.0,0.4481,0.334,COP
2018-09-30 00:00:00,37102000000.0,14224000000.0,22878000000.0,6609000000.0,9765000000.0,,-1139000000.0,773000000.0,8626000000.0,2601000000.0,6025000000.0,5968000000.0,5.07,0.6166,0.2632,0.2325,0.1609,0.1481,16094000000.0,9765000000.0,5.0382,,5.0631,,5.0631,6025000000.0,,6025000000.0,0.4338,0.3135,COP
2018-06-30 00:00:00,34132000000.0,13590000000.0,20542000000.0,6318000000.0,7577000000.0,,-1204000000.0,838000000.0,6373000000.0,1785000000.0,4588000000.0,4527000000.0,3.82,0.6018,0.222,0.1867,0.1326,0.1923,14020000000.0,7577000000.0,3.7997,,3.8123,,3.8123,4588000000.0,,4588000000.0,0.4108,0.2718,COP
2018-03-31 00:00:00,33774000000.0,13476000000.0,20298000000.0,6232000000.0,770000000.0,,-1377000000.0,967000000.0,-607000000.0,-115000000.0,-492000000.0,-553000000.0,-0.36,0.601,0.0228,-0.018,-0.0164,0.4891,7403000000.0,770000000.0,-0.3706,,-0.3685,,-0.3685,-492000000.0,,-492000000.0,0.2192,0.2276,COP
2017-12-31 00:00:00,32584000000.0,13409000000.0,19175000000.0,6398000000.0,-1120000000.0,,-1495000000.0,1098000000.0,-2615000000.0,-1822000000.0,-793000000.0,-855000000.0,-0.49,0.5885,-0.0344,-0.0803,-0.0262,0.5017,6087000000.0,-1120000000.0,-0.6495,,-0.6495,,-0.6495,-793000000.0,,-793000000.0,0.1868,0.2172,COP
2017-09-30 00:00:00,31102000000.0,13048000000.0,18054000000.0,6180000000.0,-2390000000.0,,-1558000000.0,1189000000.0,-3948000000.0,-1538000000.0,-2410000000.0,-2469000000.0,-1.84,0.5805,-0.0768,-0.1269,-0.0794,0.5329,5255000000.0,-2390000000.0,-1.946,,-1.943,,-1.943,-2410000000.0,,-2410000000.0,0.169,0.1942,COP
2017-06-30 00:00:00,30423000000.0,13325000000.0,17098000000.0,6563000000.0,-4586000000.0,,-1669000000.0,1273000000.0,-6255000000.0,-2383000000.0,-3872000000.0,-3929000000.0,-3.03,0.562,-0.1507,-0.2056,-0.1291,0.4611,3895000000.0,-4586000000.0,-3.1282,,-3.1261,,-3.1261,-3872000000.0,,-3872000000.0,0.128,0.2059,COP
2017-03-31 00:00:00,27116000000.0,12918000000.0,14198000000.0,6754000000.0,-1873000000.0,,-1665000000.0,1279000000.0,-3538000000.0,-2034000000.0,-1504000000.0,-1560000000.0,-1.11,0.5236,-0.0691,-0.1305,-0.0575,0.1086,7332000000.0,-1873000000.0,-1.2081,,-1.206,,-1.206,-1504000000.0,,-1504000000.0,0.2704,0.2129,COP
2016-12-31 00:00:00,24360000000.0,11906000000.0,12454000000.0,6855000000.0,-3879000000.0,,-1651000000.0,1245000000.0,-5530000000.0,-1971000000.0,-3559000000.0,-3615000000.0,-2.91,0.5112,-0.1592,-0.227,-0.1484,0.0337,5608000000.0,-3879000000.0,-2.8577,,-2.8577,,-2.8577,-3559000000.0,,-3559000000.0,0.2302,0.1807,COP
2016-09-30 00:00:00,23872000000.0,13408000000.0,10464000000.0,7530000000.0,-8897000000.0,,-1676000000.0,1196000000.0,-10573000000.0,-3596000000.0,-6977000000.0,-7030000000.0,-5.66,0.4383,-0.3727,-0.4429,-0.2945,0.025,933000000.0,-8897000000.0,-5.6102,,-5.611,,-5.611,-6977000000.0,,-6977000000.0,0.0391,0.1909,COP
2016-06-30 00:00:00,24863000000.0,14462000000.0,10401000000.0,7973000000.0,-9150000000.0,,-1510000000.0,1101000000.0,-10660000000.0,-3653000000.0,-7007000000.0,-7061000000.0,-5.69,0.4183,-0.368,-0.4287,-0.284,-0.0014,540000000.0,-9150000000.0,-5.6369,,-5.6377,,-5.6377,-7007000000.0,,-7007000000.0,0.0217,0.2095,COP
2016-03-31 00:00:00,27948000000.0,15629000000.0,12319000000.0,8405000000.0,-7680000000.0,,-1427000000.0,999000000.0,-9107000000.0,-2994000000.0,-6113000000.0,-6169000000.0,-4.98,0.4408,-0.2748,-0.3259,-0.2207,-0.025,2020000000.0,-7680000000.0,-4.9191,,-4.9199,,-4.9199,-6113000000.0,,-6113000000.0,0.0723,0.212,COP
2015-12-31 00:00:00,30935000000.0,16618000000.0,14317000000.0,8870000000.0,-5911000000.0,,-1328000000.0,920000000.0,-7239000000.0,-2868000000.0,-4371000000.0,-4428000000.0,-3.58,0.4628,-0.1911,-0.234,-0.1431,-0.017,3685000000.0,-5911000000.0,-3.5196,,-3.5195,,-3.5195,-4371000000.0,,-4371000000.0,0.1191,0.2448,COP
2015-09-30 00:00:00,36020000000.0,17375000000.0,18645000000.0,10166000000.0,-1371000000.0,,-1138000000.0,825000000.0,-2509000000.0,-1551000000.0,-958000000.0,-1017000000.0,-0.83,0.5176,-0.0381,-0.0697,-0.0282,-0.083,8123000000.0,-1371000000.0,-0.7927,,-0.7746,,-0.7818,-958000000.0,,-958000000.0,0.2255,0.2439,COP
2015-06-30 00:00:00,41430000000.0,18207000000.0,23223000000.0,10570000000.0,2894000000.0,,-1109000000.0,734000000.0,1785000000.0,38000000.0,1747000000.0,2758000000.0,2.22,0.5605,0.0699,0.0431,0.0666,-0.0513,12211000000.0,2894000000.0,1.3675,,2.2779,,1.3784,1747000000.0,,2825000000.0,0.2947,0.2588,COP
2015-03-31 00:00:00,47471000000.0,20440000000.0,27031000000.0,11189000000.0,6403000000.0,,-1067000000.0,679000000.0,5336000000.0,1360000000.0,3976000000.0,5018000000.0,4.04,0.5694,0.1349,0.1124,0.1057,-0.0525,15459000000.0,6403000000.0,3.1396,,4.1073,,3.1605,3976000000.0,,5087000000.0,0.3257,0.2591,COP
2014-12-31 00:00:00,55517000000.0,24144000000.0,31373000000.0,11732000000.0,10456000000.0,,-1066000000.0,648000000.0,9390000000.0,3583000000.0,5807000000.0,6869000000.0,5.54,0.5651,0.1883,0.1691,0.1237,0.0196,19269000000.0,10456000000.0,4.6,0.91,5.6072,0.91,4.63,5807000000.0,,6938000000.0,0.3471,0.2984,COP
2014-09-30 00:00:00,57651000000.0,24498000000.0,33153000000.0,11175000000.0,13403000000.0,,-1134000000.0,667000000.0,12269000000.0,4930000000.0,7339000000.0,9395000000.0,7.58,0.5751,0.2325,0.2128,0.163,0.1599,21828000000.0,13403000000.0,5.84,1.71,7.6594,1.73,5.87,7339000000.0,2126000000.0,9465000000.0,0.3786,0.3074,COP
2014-06-30 00:00:00,60204000000.0,25357000000.0,34847000000.0,11313000000.0,15260000000.0,,-1139000000.0,669000000.0,14121000000.0,5992000000.0,8129000000.0,9171000000.0,7.41,0.5788,0.2535,0.2346,0.1523,0.1592,23477000000.0,15260000000.0,6.48,0.9,7.4846,0.91,6.52,8129000000.0,1105000000.0,9234000000.0,0.39,0.2916,COP
2014-03-31 00:00:00,59645000000.0,25187000000.0,34458000000.0,10960000000.0,15451000000.0,,-1094000000.0,653000000.0,14357000000.0,6227000000.0,8130000000.0,9140000000.0,7.4,0.5777,0.259,0.2407,0.1532,0.1817,23415000000.0,15451000000.0,6.49,0.87,7.4648,0.88,6.53,8130000000.0,1069000000.0,9199000000.0,0.3926,0.2975,COP
2013-12-31 00:00:00,58248000000.0,23875000000.0,34373000000.0,10976000000.0,15434000000.0,,-988000000.0,612000000.0,14446000000.0,6409000000.0,8037000000.0,9156000000.0,7.42,0.5901,0.265,0.248,0.1572,0.1858,23302000000.0,15434000000.0,6.43,0.95,7.4859,0.96,6.47,8037000000.0,1178000000.0,9215000000.0,0.4,0.2771,COP
2013-09-30 00:00:00,60629000000.0,25395000000.0,35234000000.0,11015000000.0,16484000000.0,,-974000000.0,581000000.0,15510000000.0,7139000000.0,8371000000.0,8095000000.0,6.57,0.5811,0.2719,0.2558,0.1335,0.0747,24207000000.0,16484000000.0,6.72,-0.15,6.6673,-0.15,6.75,8371000000.0,-218000000.0,8153000000.0,0.3993,0.2647,COP
2013-06-30 00:00:00,59872000000.0,25946000000.0,33926000000.0,10779000000.0,15665000000.0,,-969000000.0,591000000.0,14696000000.0,7024000000.0,7672000000.0,7413000000.0,6.03,0.5666,0.2616,0.2455,0.1238,0.0714,23130000000.0,15665000000.0,6.17,-0.14,6.1253,-0.14,6.2,7672000000.0,-202000000.0,7470000000.0,0.3863,0.2649,COP
2013-03-31 00:00:00,60572000000.0,26090000000.0,34482000000.0,11209000000.0,15989000000.0,,-1044000000.0,649000000.0,14945000000.0,7619000000.0,7326000000.0,7630000000.0,6.19,0.5693,0.264,0.2467,0.126,0.0477,23200000000.0,15989000000.0,5.87,0.31,6.2815,0.32,5.9,7326000000.0,370000000.0,7696000000.0,0.383,0.2389,COP
2012-12-31 00:00:00,62004000000.0,26732000000.0,35272000000.0,11445000000.0,16567000000.0,,-1144000000.0,709000000.0,15423000000.0,7942000000.0,7481000000.0,8428000000.0,6.74,0.5689,0.2672,0.2487,0.1359,0.0304,23541000000.0,16567000000.0,5.91,0.81,6.8323,0.82,5.95,7481000000.0,1017000000.0,8498000000.0,0.3797,0.2245,COP
