Date,Revenue,Cost of Revenue,Gross Profit,SG&A Expenses,Operating Income,Interest Expense (Operating),Non-operating Income/Expense,Non-operating Interest Expenses,EBT,Income Tax Provision,Income after Tax,Net Income Common,EPS (Basic),Gross Margin,EBIT Margin,EBT margin,Net Profit Margin,Free Cash Flow Margin,EBITDA,EBIT,"EPS (Diluted, from Cont. Ops)","EPS (Diluted, from Disc. Ops)","EPS (Basic, Consolidated)","EPS (Basic, from Discontinued Ops)","EPS (Basic, from Continuous Ops)",Income from Continuous Operations,Income from Discontinued Operations,Consolidated Net Income/Loss,EBITDA Margin,Operating Cash Flow Margin,Ticker
2022-08-31 00:00:00,8123963000.0,4366361000.0,3757602200.0,2124212900.0,1633389300.0,95000000.0,-94369000.0,94710000.0,1539020000.0,282753000.0,1256266900.0,1256511900.0,12.19,0.4625,0.2011,0.1894,0.1547,0.1615,2035187200.0,1633389300.0,11.9273,,12.2389,,12.1812,1256266900.0,,1256267000.0,0.2505,0.1937,CTAS
2022-05-31 00:00:00,7854459000.0,4222213000.0,3632246100.0,2044875900.0,1587370200.0,89000000.0,-88602000.0,88844000.0,1498768000.0,263011000.0,1235756900.0,1235756900.0,11.93,0.4624,0.2021,0.1908,0.1573,0.1671,1987071100.0,1587370200.0,11.65,,11.9776,,11.9199,1235756900.0,,1235757000.0,0.253,0.1958,CTAS
2022-02-28 00:00:00,7615434000.0,4070332900.0,3545101000.0,2005721100.0,1539379600.0,91000000.0,-90071000.0,90337000.0,1449309000.0,240291000.0,1209018000.0,1208086000.0,11.59,0.4655,0.2021,0.1903,0.1586,0.164,1934832500.0,1539379700.0,11.2977,,11.6444,,11.571,1209018000.0,,1209018000.0,0.2541,0.1895,CTAS
2021-11-30 00:00:00,7431948000.0,3975484900.0,3456463000.0,1998220100.0,1458242600.0,94000000.0,-92562000.0,92859000.0,1365681000.0,213727000.0,1151954000.0,1150709000.0,10.99,0.4651,0.1962,0.1838,0.1548,0.164,1850178500.0,1458242700.0,10.7042,,11.0479,,10.9745,1151954000.0,,1151954000.0,0.2489,0.1859,CTAS
2021-08-31 00:00:00,7266715000.0,3875508900.0,3391206000.0,1961319100.0,1429886500.0,97000000.0,-95055000.0,95514000.0,1334832000.0,192690000.0,1142142000.0,1140377000.0,10.85,0.4667,0.1968,0.1837,0.1569,0.1646,1819607400.0,1429886600.0,10.5655,,10.9179,,10.8445,1142142000.0,,1142142000.0,0.2504,0.1804,CTAS
2021-05-31 00:00:00,7116340000.0,3801688900.0,3314651100.0,1929159100.0,1385491600.0,100000000.0,-97743000.0,98210000.0,1287749000.0,176781000.0,1110968000.0,1110968000.0,10.52,0.4658,0.1947,0.181,0.1561,0.1755,1773442500.0,1385491700.0,10.2399,,10.5934,,10.52,1110968000.0,,1110968000.0,0.2492,0.1912,CTAS
2021-02-28 00:00:00,6900263000.0,3736842100.0,3163421100.0,1926941000.0,1236480400.0,101000000.0,-99046000.0,99611000.0,1137434000.0,149603000.0,987831000.0,990233000.0,9.37,0.4584,0.1792,0.1648,0.1435,0.1671,1622861400.0,1236480200.0,9.1687,0.0,9.445,0.0,9.4069,987831000.0,-375000.0,987508000.0,0.2352,0.1829,CTAS
2020-11-30 00:00:00,6933855000.0,3755555100.0,3178300000.0,1953636000.0,1224664400.0,102000000.0,-100177000.0,101002000.0,1124487000.0,160520000.0,963967000.0,966070000.0,9.16,0.4584,0.1766,0.1622,0.1393,0.1651,1610041400.0,1224664200.0,8.9362,0.0,9.2401,0.0,9.1823,963967000.0,,963644000.0,0.2322,0.1865,CTAS
2020-08-31 00:00:00,7020556000.0,3809749100.0,3210807000.0,2004551000.0,1206256500.0,,-101732000.0,102622000.0,1104524000.0,178971000.0,925553000.0,927246000.0,8.82,0.4573,0.1718,0.1573,0.1321,0.1629,1589494500.0,1206256300.0,8.5682,,8.8977,,8.8193,925553000.0,,925230000.0,0.2264,0.189,CTAS
2020-05-31 00:00:00,7085120000.0,3851372100.0,3233748000.0,2071052000.0,1162696500.0,,-104405000.0,105393000.0,1058291000.0,181931000.0,876360000.0,876037000.0,8.36,0.4564,0.1641,0.1494,0.1236,0.1517,1541749500.0,1162696300.0,8.11,0.0,8.4384,0.0,8.36,876360000.0,,876037000.0,0.2176,0.1823,CTAS
2020-02-29 00:00:00,7259266000.0,3909773000.0,3349493100.0,2078906000.0,1269672700.0,,-104160000.0,105223000.0,1165513100.0,207567000.0,957946100.0,951260000.0,9.11,0.4614,0.1749,0.1606,0.131,0.1501,1645929800.0,1269672900.0,8.8422,0.02,9.1786,0.02,9.1323,957946000.0,2036000.0,957894000.0,0.2267,0.1834,CTAS
2019-11-30 00:00:00,7130948000.0,3850697000.0,3280251100.0,2045262000.0,1233275700.0,,-105264000.0,106050000.0,1128012100.0,203663000.0,924349100.0,922267000.0,8.79,0.46,0.1729,0.1582,0.1293,0.1448,1605027800.0,1233275900.0,8.5122,0.02,8.8639,0.02,8.7923,924349000.0,2055000.0,926708000.0,0.2251,0.1816,CTAS
2019-08-31 00:00:00,7005467000.0,3802449000.0,3203018000.0,2019006000.0,1174451600.0,,-34486000.0,104753000.0,1139966100.0,219066000.0,920900100.0,921262000.0,8.69,0.4572,0.1676,0.1627,0.1315,0.1296,1540243700.0,1174451800.0,8.4222,0.02,8.7756,0.02,8.6923,920900000.0,,923278000.0,0.2199,0.1687,CTAS
2019-05-31 00:00:00,6892303000.0,3763715000.0,3128588000.0,1980644000.0,1133533500.0,,-31135000.0,101736000.0,1102399100.0,219764000.0,882635100.0,884981000.0,8.25,0.4539,0.1645,0.1599,0.1284,0.1153,1493626600.0,1133533700.0,7.97,,8.3425,,8.23,882635000.0,2346000.0,884981000.0,0.2167,0.1549,CTAS
2019-02-28 00:00:00,6768123000.0,3710761900.0,3057361200.0,1944211000.0,1084623400.0,,-30082000.0,100782000.0,1054541000.0,208779000.0,845762000.0,845033000.0,7.83,0.4517,0.1603,0.1558,0.1249,0.102,1425466400.0,1084622800.0,7.58,0.0,7.9326,-0.01,7.84,845762000.0,-729000.0,845033000.0,0.2106,0.1439,CTAS
2018-11-30 00:00:00,6674931000.0,3672259900.0,3002671200.0,1958730000.0,1006392300.0,,-28899000.0,99913000.0,977493000.0,36865000.0,940628000.0,943794000.0,8.71,0.4498,0.1508,0.1464,0.1414,0.0978,1321640300.0,1006391700.0,8.41,0.03,8.8326,0.03,8.68,940628000.0,3166000.0,943794000.0,0.198,0.1393,CTAS
2018-08-31 00:00:00,6563104000.0,3619221900.0,2943882300.0,1935143000.0,965963500.0,,-102621000.0,104162000.0,863342000.0,27971000.0,835371000.0,837890000.0,7.72,0.4486,0.1472,0.1315,0.1277,0.0913,1263165500.0,965962900.0,7.47,0.02,7.8396,0.02,7.7,835371000.0,2519000.0,837890000.0,0.1925,0.133,CTAS
2018-05-31 00:00:00,6476632000.0,3568108900.0,2908523400.0,1916792000.0,949834600.0,,-108833000.0,110175000.0,841001000.0,57069000.0,783932000.0,842586000.0,7.78,0.4491,0.1467,0.1299,0.1301,0.1069,1229250600.0,949834000.0,7.03,0.53,7.9046,0.54,7.24,783932000.0,58654000.0,842586000.0,0.1898,0.1489,CTAS
2018-02-28 00:00:00,6337369000.0,3502458100.0,2834911000.0,1882658000.0,861641200.0,,-129634000.0,130736000.0,732007000.0,55199000.0,676808000.0,740650000.0,6.85,0.4473,0.136,0.1155,0.1169,0.1089,1131424200.0,861641100.0,6.1,0.56,6.9762,0.59,6.26,676808000.0,63842000.0,740650000.0,0.1785,0.1485,CTAS
2017-11-30 00:00:00,6003598000.0,3309226100.0,2694372000.0,1750629000.0,853608300.0,,-117802000.0,118531000.0,735806000.0,237833000.0,497973000.0,556560000.0,5.16,0.4488,0.1422,0.1226,0.0927,0.0984,1101992300.0,853608200.0,4.5,0.52,5.2641,0.54,4.62,497973000.0,58587000.0,556560000.0,0.1836,0.1401,CTAS
2017-08-31 00:00:00,5668234000.0,3125013100.0,2543221000.0,1643960000.0,818853100.0,,-102200000.0,102669000.0,716653000.0,234467000.0,482186000.0,559828000.0,5.22,0.4487,0.1445,0.1264,0.0988,0.1065,1040789100.0,818853000.0,4.38,0.7,5.3123,0.72,4.5,482186000.0,77642000.0,559828000.0,0.1836,0.1518,CTAS
2017-05-31 00:00:00,5323381000.0,2943086100.0,2380295000.0,1527380000.0,773691000.0,,-86287000.0,86524000.0,687404000.0,230118000.0,457286000.0,480708000.0,4.49,0.4471,0.1453,0.1291,0.0903,0.0922,970286000.0,773690900.0,4.17,0.21,4.5798,0.22,4.27,457286000.0,23422000.0,480708000.0,0.1823,0.1435,CTAS
2017-02-28 00:00:00,4954813000.0,2728056100.0,2226756800.0,1424762000.0,786516500.0,,-56473000.0,56911000.0,730044000.0,245257000.0,484787000.0,527371000.0,4.94,0.4494,0.1587,0.1473,0.1064,0.0739,960838500.0,786516700.0,4.43,0.41,5.0101,0.41,4.53,484787000.0,42584000.0,527371000.0,0.1939,0.1317,CTAS
2016-11-30 00:00:00,4915529000.0,2724088100.0,2191440800.0,1397829000.0,787477500.0,,-58616000.0,59378000.0,728862000.0,243750000.0,485112000.0,526707000.0,4.91,0.4458,0.1602,0.1483,0.1072,0.0394,958912500.0,787477700.0,4.42,0.4,4.9753,0.4,4.51,485112000.0,41595000.0,526707000.0,0.1951,0.1022,CTAS
2016-08-31 00:00:00,4863532000.0,2709909100.0,2153622800.0,1363465000.0,787370600.0,,-61440000.0,62282000.0,725931000.0,247316000.0,478615000.0,731430000.0,6.7,0.4428,0.1619,0.1493,0.1504,0.0389,956049600.0,787370800.0,4.33,2.26,6.8243,2.29,4.41,478615000.0,252815000.0,731430000.0,0.1966,0.0988,CTAS
2016-05-31 00:00:00,4795772000.0,2694432100.0,2101339700.0,1332399000.0,768940700.0,,-63626000.0,64522000.0,705315000.0,256710000.0,448605000.0,693520000.0,6.3,0.4382,0.1603,0.1471,0.1446,0.0397,934219700.0,768940900.0,4.02,2.19,6.4084,2.22,4.08,448605000.0,244915000.0,693520000.0,0.1948,0.0971,CTAS
2016-02-29 00:00:00,4669427000.0,2635029100.0,2034397600.0,1290639000.0,743758700.0,,-64405000.0,65141000.0,679354000.0,247808000.0,431546000.0,667837000.0,5.98,0.4357,0.1593,0.1455,0.143,0.0509,905471700.0,743758700.0,3.8,2.09,6.1071,2.12,3.86,431546000.0,236291000.0,667837000.0,0.1939,0.107,CTAS
2015-11-30 00:00:00,4562191000.0,2577094100.0,1985096600.0,1260673000.0,724423700.0,,-64735000.0,65232000.0,659689000.0,245091000.0,414598000.0,645379000.0,5.72,0.4351,0.1588,0.1446,0.1415,0.0715,882246700.0,724423700.0,3.6,2.04,5.8357,2.07,3.65,414598000.0,230781000.0,645379000.0,0.1934,0.1212,CTAS
2015-08-31 00:00:00,4466490000.0,2527369100.0,1939120600.0,1233463000.0,705657700.0,,-64585000.0,64990000.0,641073000.0,238227000.0,402846000.0,420691000.0,3.63,0.4341,0.158,0.1435,0.0942,0.0812,860853700.0,705657700.0,3.43,0.15,3.6774,0.15,3.48,402846000.0,17845000.0,420691000.0,0.1927,0.1288,CTAS
2015-05-31 00:00:00,4369677000.0,2476754100.0,1892922600.0,1209284000.0,683638600.0,,-43083000.0,65161000.0,640556000.0,238003000.0,402553000.0,430618000.0,3.68,0.4332,0.1565,0.1466,0.0985,0.083,838720600.0,683638600.0,3.39,0.24,3.7154,0.24,3.44,402553000.0,28065000.0,430618000.0,0.1919,0.1328,CTAS
2015-02-28 00:00:00,4192997100.0,2401369000.0,1791628000.0,1113804000.0,679982200.0,,-43222000.0,65162000.0,636760000.0,235231000.0,401529000.0,452627000.0,3.81,0.4273,0.1622,0.1519,0.1079,0.0961,841599200.0,679982200.0,3.34,0.4171,3.8494,0.4171,3.39,401529000.0,51098000.0,452627000.0,0.2007,0.1426,CTAS
2014-11-30 00:00:00,4195123100.0,2409168000.0,1785955000.0,1129987000.0,655968200.0,,-43438000.0,65326000.0,612530000.0,227006000.0,385524000.0,442346000.0,3.7,0.4257,0.1564,0.146,0.1054,0.1179,828062200.0,655968200.0,3.18,0.4671,3.7382,0.4671,3.23,385524000.0,56822000.0,442346000.0,0.1974,0.1612,CTAS
2014-08-31 00:00:00,4195675100.0,2424065000.0,1771610000.0,1145014000.0,626596300.0,,-43929000.0,65882000.0,582667000.0,216388000.0,366279000.0,406796000.0,3.39,0.4222,0.1493,0.1389,0.097,0.1181,808718300.0,626596300.0,3.01,0.3371,3.4177,0.3371,3.05,366279000.0,40517000.0,406796000.0,0.1928,0.1601,CTAS
2014-05-31 00:00:00,4193844100.0,2444085000.0,1749759000.0,1147039000.0,602720200.0,,-65593000.0,65822000.0,537127000.0,199355000.0,337772000.0,374442000.0,3.08,0.4172,0.1437,0.1281,0.0893,0.1098,793582200.0,602720200.0,2.75,0.3,3.1105,0.3,2.78,337772000.0,36670000.0,374442000.0,0.1892,0.1445,CTAS
2014-02-28 00:00:00,4393729000.0,2567464000.0,1826265100.0,1228043100.0,596064200.0,,-65697000.0,65944000.0,530367000.0,197066000.0,333301000.0,334077000.0,2.73,0.4157,0.1357,0.1207,0.076,0.0937,789600200.0,596063900.0,2.7034,,2.7511,,2.7265,333301000.0,,333195000.0,0.1797,0.1298,CTAS
2013-11-30 00:00:00,4358430000.0,2559858000.0,1798572100.0,1219088100.0,579484100.0,,-65493000.0,65828000.0,513991000.0,190311000.0,323680000.0,323663000.0,2.63,0.4127,0.133,0.1179,0.0743,0.0857,772488100.0,579483800.0,2.617,,2.6524,,2.6333,323680000.0,,323298000.0,0.1772,0.1257,CTAS
2013-08-31 00:00:00,4294885000.0,2531356000.0,1763529000.0,1197233100.0,566295900.0,,-65237000.0,65637000.0,501059000.0,183808000.0,317251000.0,316828000.0,2.55,0.4106,0.1319,0.1167,0.0738,0.0824,757625000.0,566295600.0,2.5532,,2.573,,2.5616,317251000.0,,316463000.0,0.1764,0.1258,CTAS
2013-05-31 00:00:00,4245964000.0,2492655000.0,1753308900.0,1187331100.0,565977900.0,,-65303000.0,65712000.0,500675000.0,184089000.0,316586000.0,315442000.0,2.53,0.4129,0.1333,0.1179,0.0743,0.0839,755355000.0,565977600.0,2.53,,2.5449,,2.5401,316586000.0,,315442000.0,0.1779,0.1302,CTAS
2013-02-28 00:00:00,4240967000.0,2477247100.0,1763719700.0,1211547900.0,552171500.0,,-66379000.0,67538000.0,485793000.0,177714000.0,308079000.0,306243000.0,2.44,0.4159,0.1302,0.1145,0.0722,0.0791,742376600.0,552171700.0,2.4447,,2.4531,,2.4531,308079000.0,,308079000.0,0.175,0.1251,CTAS
2012-11-30 00:00:00,4177405000.0,2429723100.0,1747681700.0,1190996900.0,556684600.0,,-67055000.0,68455000.0,489630000.0,180221000.0,309409000.0,307534000.0,2.43,0.4184,0.1333,0.1172,0.0736,0.1047,747117700.0,556684800.0,2.4262,,2.4324,,2.4324,309409000.0,,309409000.0,0.1788,0.1669,CTAS
