Date,Revenue,Cost of Revenue,Gross Profit,SG&A Expenses,Operating Income,Interest Expense (Operating),Non-operating Income/Expense,Non-operating Interest Expenses,EBT,Income Tax Provision,Income after Tax,Net Income Common,EPS (Basic),Gross Margin,EBIT Margin,EBT margin,Net Profit Margin,Free Cash Flow Margin,EBITDA,EBIT,"EPS (Diluted, from Cont. Ops)","EPS (Diluted, from Disc. Ops)","EPS (Basic, Consolidated)","EPS (Basic, from Discontinued Ops)","EPS (Basic, from Continuous Ops)",Income from Continuous Operations,Income from Discontinued Operations,Consolidated Net Income/Loss,EBITDA Margin,Operating Cash Flow Margin,Ticker
2022-09-30 00:00:00,10591000000.0,6767000000.0,3824000000.0,2043000000.0,1373000000.0,2241000000.0,121000000.0,2241000000.0,-966000000.0,-163000000.0,-803000000.0,-1185000000.0,-5.54,0.3611,0.1296,-0.0912,-0.1119,-0.0475,2686000000.0,1373000000.0,-3.79,,-5.5371,,-3.79,-803000000.0,,-803000000.0,0.2536,0.0665,CZR
2022-06-30 00:00:00,10389000000.0,6698000000.0,3691000000.0,2086000000.0,1246000000.0,2251000000.0,62000000.0,2251000000.0,-1344000000.0,-261000000.0,-1083000000.0,-1470000000.0,-6.87,0.3553,0.1199,-0.1294,-0.1415,0.0116,2545000000.0,1246000000.0,-5.11,-1.78,-6.8642,-1.78,-5.11,-1083000000.0,-382000000.0,-1083000000.0,0.245,0.064,CZR
2022-03-31 00:00:00,10070000000.0,6052000000.0,4018000000.0,1987000000.0,1234000000.0,2268000000.0,-376000000.0,2268000000.0,-1331000000.0,-314000000.0,-1017000000.0,-1276000000.0,-5.96,0.399,0.1225,-0.1322,-0.1267,0.0972,2213000000.0,1234000000.0,-4.79,-1.19,-5.9543,-1.19,-4.79,-1017000000.0,-255000000.0,-1047000000.0,0.2198,0.0913,CZR
2021-12-31 00:00:00,9570000000.0,5059000000.0,4511000000.0,1868000000.0,1460000000.0,2279000000.0,-1015000000.0,2295000000.0,-1269000000.0,-283000000.0,-986000000.0,-1019000000.0,-4.81,0.4714,0.1526,-0.1326,-0.1065,0.1184,2174000000.0,1460000000.0,-4.69,-0.14,-4.8152,-0.14,-4.69,-986000000.0,-30000000.0,-1020000000.0,0.2272,0.1295,CZR
2021-09-30 00:00:00,8564000000.0,4046000000.0,4518000000.0,1769000000.0,1288000000.0,2284000000.0,-1677000000.0,2316000000.0,-1191000000.0,-102000000.0,-1089000000.0,-1140000000.0,-4.69,0.5276,0.1504,-0.1391,-0.1331,0.0926,1585000000.0,1288000000.0,-6.42,-0.28,-6.7045,-0.28,-6.42,-1089000000.0,-51000000.0,-1136000000.0,0.1851,0.0733,CZR
2021-06-30 00:00:00,7322000000.0,3134000000.0,4188000000.0,1535000000.0,625000000.0,2178000000.0,-2279000000.0,2222000000.0,-1654000000.0,126000000.0,-1780000000.0,-1833000000.0,-9.69,0.572,0.0854,-0.2259,-0.2503,0.0561,625000000.0,625000000.0,-11.38,-0.31,-11.7106,-0.31,-11.38,-1780000000.0,-54000000.0,-1834000000.0,0.0854,0.0262,CZR
2021-03-31 00:00:00,4947000000.0,2228000000.0,2719000000.0,1184000000.0,-44000000.0,1670000000.0,-1845000000.0,1714000000.0,-1889000000.0,93000000.0,-1982000000.0,-2004000000.0,-11.28,0.5496,-0.0089,-0.3818,-0.4051,-0.076,-44000000.0,-44000000.0,-13.11,,-13.3051,,-13.11,-1982000000.0,,-2006000000.0,-0.0089,-0.1071,CZR
2020-12-31 00:00:00,3628000000.0,1706000000.0,1922000000.0,902000000.0,-383000000.0,1173000000.0,-1223000000.0,1202000000.0,-1606000000.0,132000000.0,-1738000000.0,-1757000000.0,-11.5,0.5298,-0.1056,-0.4427,-0.4843,-0.099,-383000000.0,-383000000.0,-13.35,,-13.523,,-13.35,-1738000000.0,,-1758000000.0,-0.1056,-0.1546,CZR
2020-09-30 00:00:00,2635056000.0,1306785900.0,1328270100.0,574300000.0,-274153900.0,676000000.0,-860834000.0,688692000.0,-1134988000.0,72177000.0,-1207165000.0,-1215165000.0,-9.76,0.5041,-0.104,-0.4307,-0.4612,0.1203,-274153900.0,-274154000.0,-9.707,,-9.7644,,-9.7166,-1207165000.0,,-1214165000.0,-0.104,-0.0569,CZR
2020-06-30 00:00:00,1855056000.0,974785900.0,880270100.0,366300000.0,-18153900.0,,-281834000.0,275692000.0,-299988000.0,-47823000.0,-252165000.0,-252165000.0,-3.19,0.4745,-0.0098,-0.1617,-0.1359,0.1928,-18153900.0,-18154000.0,-3.197,,-3.2045,,-3.1966,-252165000.0,,-252165000.0,-0.0098,0.0561,CZR
2020-03-31 00:00:00,2365177000.0,1202658900.0,1162518100.0,448811000.0,163396100.0,,-300030000.0,279490000.0,-136634000.0,-3405000.0,-133229000.0,-133229000.0,-1.7,0.4915,0.0691,-0.0578,-0.0563,0.2114,225225100.0,163396000.0,-1.7065,,-1.7107,,-1.7028,-133229000.0,,-133229000.0,0.0952,0.1174,CZR
2019-12-31 00:00:00,2528000000.0,1242999900.0,1285000100.0,503000000.0,410000100.0,,-285000000.0,286000000.0,125000000.0,44000000.0,81000000.0,81000000.0,1.04,0.5083,0.1622,0.0494,0.032,0.2682,535766100.0,410000000.0,1.0299,,1.0386,,1.0401,81000000.0,,81000000.0,0.2119,0.1238,CZR
2019-09-30 00:00:00,2607697100.0,1295551000.0,1312146100.0,522899000.0,437777100.0,,-296425000.0,292567000.0,141352000.0,47542000.0,93810000.0,93810000.0,1.21,0.5032,0.1679,0.0542,0.036,0.1134,625699100.0,437777000.0,1.1959,,1.2139,,1.2195,93810000.0,,93810000.0,0.2399,0.1225,CZR
2019-06-30 00:00:00,2431950100.0,1218971000.0,1212979100.0,491620000.0,404546100.0,,-260510000.0,254652000.0,144036000.0,49522000.0,94514000.0,94514000.0,1.22,0.4988,0.1663,0.0592,0.0389,0.1156,633666100.0,404546000.0,1.2075,,1.2259,,1.2259,94514000.0,,94514000.0,0.2606,0.1243,CZR
2019-03-31 00:00:00,2251631100.0,1159508000.0,1092123100.0,437686000.0,379410100.0,,-218719000.0,214259000.0,160691000.0,48317000.0,112374000.0,112374000.0,1.46,0.485,0.1685,0.0714,0.0499,0.14,580552100.0,379410000.0,1.4372,,1.4571,,1.4571,112374000.0,,112374000.0,0.2578,0.1379,CZR
2018-12-31 00:00:00,2056000100.0,1092000000.0,964000100.0,381000000.0,310000100.0,,-175000000.0,172000000.0,135000000.0,40000000.0,95000000.0,95000000.0,1.24,0.4689,0.1508,0.0657,0.0462,0.0861,490000100.0,310000000.0,1.2179,,1.2338,,1.2338,95000000.0,,95000000.0,0.2383,0.1571,CZR
2018-09-30 00:00:00,1814147900.0,920368000.0,893779900.0,387576000.0,253133900.0,,-128213000.0,127130000.0,124921000.0,-59372000.0,184293000.0,184293000.0,2.41,0.4927,0.1395,0.0689,0.1016,0.1121,446497900.0,253134000.0,2.5807,,2.6027,,2.6027,184293000.0,,184293000.0,0.2461,0.1773,CZR
2018-06-30 00:00:00,1799772900.0,921660000.0,878112900.0,390944000.0,242856800.0,,-133341000.0,122228000.0,109516000.0,-66760000.0,176276000.0,176276000.0,2.3,0.4879,0.1349,0.0608,0.0979,0.0932,426151800.0,242856900.0,2.4799,,2.5023,,2.5023,176276000.0,,176276000.0,0.2368,0.153,CZR
2018-03-31 00:00:00,1718596900.0,892060000.0,826536900.0,377785000.0,134975800.0,,-156780000.0,118350000.0,-21804000.0,-115094000.0,93290000.0,93290000.0,1.13,0.4809,0.0785,-0.0127,0.0543,0.0609,311485800.0,134975900.0,1.3249,,1.3425,,1.3425,93290000.0,,93290000.0,0.1812,0.118,CZR
2017-12-31 00:00:00,1480797900.0,781512000.0,699285900.0,324211000.0,94809800.0,,-138199000.0,99769000.0,-43389000.0,-116769000.0,73380000.0,73380000.0,0.88,0.4722,0.064,-0.0293,0.0496,0.0316,245005800.0,94809900.0,1.0775,,1.093,,1.093,73380000.0,,73380000.0,0.1655,0.0877,CZR
2017-09-30 00:00:00,1264916000.0,679547000.0,585369000.0,269254000.0,77725900.0,,-119269000.0,81922000.0,-41543000.0,-26669000.0,-14874000.0,-14874000.0,-0.27,0.4628,0.0614,-0.0328,-0.0118,0.025,169159900.0,77725900.0,-0.271,,-0.2634,,-0.269,-14874000.0,,-14874000.0,0.1337,0.0749,CZR
2017-06-30 00:00:00,1033603000.0,574615000.0,458988000.0,212582000.0,24343000.0,,-92645000.0,65328000.0,-68302000.0,-33423000.0,-34879000.0,-34879000.0,-0.44,0.4441,0.0236,-0.0661,-0.0337,-0.0028,101318000.0,24343000.0,-0.4518,,-0.4442,,-0.445,-34879000.0,,-34879000.0,0.098,0.0481,CZR
2017-03-31 00:00:00,889292000.0,507872000.0,381420000.0,172310000.0,84465000.0,,-50685000.0,50596000.0,33780000.0,11678000.0,22102000.0,22102000.0,0.48,0.4289,0.095,0.038,0.0249,0.059,150864000.0,84465000.0,0.463,,0.4698,,0.4698,22102000.0,,22102000.0,0.1696,0.1009,CZR
2016-12-31 00:00:00,900465000.0,516030000.0,384435000.0,171610000.0,88700000.0,,-51072000.0,50917000.0,37628000.0,13101000.0,24527000.0,24527000.0,0.53,0.4269,0.0985,0.0418,0.0272,0.0597,155669000.0,88700000.0,0.5142,,0.5215,,0.5215,24527000.0,,24527000.0,0.1729,0.1059,CZR
2016-09-30 00:00:00,872606000.0,503825000.0,368781100.0,164686000.0,89308000.0,,-15707000.0,50987000.0,73601000.0,-60395000.0,133996000.0,133996000.0,2.87,0.4226,0.1023,0.0843,0.1536,0.0743,154873000.0,89308000.0,2.8442,,2.8725,,2.8781,133996000.0,,133996000.0,0.1775,0.1243,CZR
2016-06-30 00:00:00,814581000.0,476869000.0,337712100.0,150370000.0,85291000.0,,-19390000.0,52880000.0,65901000.0,-63812000.0,129713000.0,129713000.0,2.73,0.4146,0.1047,0.0809,0.1592,0.0597,147925000.0,85291000.0,2.7597,,2.7834,,2.7842,129713000.0,,129713000.0,0.1816,0.1058,CZR
2016-03-31 00:00:00,765899000.0,453276000.0,312623100.0,138681000.0,78695000.0,,-23738000.0,57317000.0,54957000.0,-68760000.0,123717000.0,123717000.0,2.6,0.4082,0.1027,0.0718,0.1615,0.0475,136349000.0,78695000.0,2.6325,,2.6573,,2.6573,123717000.0,,123717000.0,0.178,0.0993,CZR
2015-12-31 00:00:00,719784000.0,431458000.0,288326100.0,128097000.0,72516000.0,,-27913000.0,61558000.0,44603000.0,-69580000.0,114183000.0,114183000.0,2.4,0.4006,0.1007,0.062,0.1586,0.0279,125065000.0,72516000.0,2.429,,2.4529,,2.4529,114183000.0,,114183000.0,0.1738,0.0788,CZR
2015-09-30 00:00:00,697719000.0,422817000.0,274902000.0,122760000.0,65685000.0,,-67447000.0,66274000.0,-1762000.0,5042000.0,-6804000.0,-6907000.0,-0.2,0.394,0.0941,-0.0025,-0.0099,0.0019,115232000.0,65685000.0,-0.2621,,-0.2612,,-0.2612,-6804000.0,,-6804000.0,0.1652,0.0455,CZR
2015-06-30 00:00:00,593128000.0,359680000.0,233448000.0,111308000.0,44371000.0,,-56822000.0,57439000.0,-12451000.0,3816000.0,-16267000.0,-16370000.0,-0.43,0.3936,0.0748,-0.021,-0.0276,0.0294,85508000.0,44371000.0,-0.5335,,-0.5332,,-0.5332,-16267000.0,,-16267000.0,0.1442,0.0741,CZR
2015-03-31 00:00:00,472244000.0,285835000.0,186409000.0,96416000.0,28087000.0,,-43456000.0,44077000.0,-15369000.0,,-18153000.0,-18256000.0,-0.41,0.3947,0.0595,-0.0325,-0.0387,-0.0017,62013000.0,28087000.0,-0.5115,,-0.5115,,-0.5115,-18153000.0,,-18153000.0,0.1313,0.0355,CZR
2014-12-31 00:00:00,361823000.0,216150000.0,145673000.0,80720000.0,17555000.0,,-30109000.0,30734000.0,-12554000.0,,-14322000.0,-14425000.0,-0.38,0.4026,0.0485,-0.0347,-0.0399,0.0582,43937000.0,17555000.0,-0.479,,-0.479,,-0.479,-14322000.0,,-14322000.0,0.1214,0.0874,CZR
2014-09-30 00:00:00,261359000.0,148582000.0,112777000.0,65873000.0,18197000.0,,-17306000.0,17318000.0,891000.0,,-304000.0,-304000.0,,0.4315,0.0696,0.0034,-0.0012,0.0407,32227000.0,18197000.0,0.0054,,0.0054,,0.0054,-304000.0,,-304000.0,0.1233,0.0658,CZR
2014-06-30 00:00:00,244589000.0,141524000.0,103065000.0,57806000.0,21444000.0,,-15597000.0,15613000.0,5847000.0,,5847000.0,5847000.0,,0.4214,0.0877,0.0239,0.0239,0.0863,34699000.0,21444000.0,,,,,,5847000.0,,5847000.0,0.1419,0.1244,CZR
2014-03-31 00:00:00,,,,,,,,,,,,,,,,,,0.0,,,,,,,,,,,,0.0,CZR
2013-12-31 00:00:00,,,,,,,,,,,,,,,,,,0.0,,,,,,,,,,,,0.0,CZR
2013-09-30 00:00:00,,,,,,,,,,,,,,,,,,0.0,,,,,,,,,,,,0.0,CZR
