Date,Revenue,Cost of Revenue,Gross Profit,R&D Expenses,SG&A Expenses,Operating Income,Interest Expense (Operating),Non-operating Income/Expense,Non-operating Interest Expenses,EBT,Income Tax Provision,Income after Tax,Net Income Common,EPS (Basic),Gross Margin,EBIT Margin,EBT margin,Net Profit Margin,Free Cash Flow Margin,EBITDA,EBIT,"EPS (Diluted, from Cont. Ops)","EPS (Diluted, from Disc. Ops)","EPS (Basic, Consolidated)","EPS (Basic, from Discontinued Ops)","EPS (Basic, from Continuous Ops)",Income from Continuous Operations,Income from Discontinued Operations,Consolidated Net Income/Loss,EBITDA Margin,Operating Cash Flow Margin,Ticker
2022-09-30 00:00:00,17246000000.0,11305000000.0,5941000000.0,622000000.0,1784000000.0,2653000000.0,505000000.0,-414000000.0,505000000.0,2239000000.0,519000000.0,1720000000.0,1846000000.0,3.64,0.3445,0.1538,0.1298,0.107,0.0852,3911000000.0,2653000000.0,3.2,1.39,4.7034,1.4,3.2,1720000000.0,185000000.0,1905000000.0,0.2268,0.0774,DD
2022-06-30 00:00:00,17128000000.0,11242000000.0,5886000000.0,630000000.0,1839000000.0,2475000000.0,492000000.0,-395000000.0,492000000.0,2080000000.0,460000000.0,1620000000.0,1870000000.0,3.66,0.3436,0.1445,0.1214,0.1092,0.1112,3832000000.0,2475000000.0,2.99,1.61,4.7252,1.62,2.99,1620000000.0,313000000.0,1933000000.0,0.2237,0.1026,DD
2022-03-31 00:00:00,16910000000.0,11052000000.0,5858000000.0,622000000.0,1849000000.0,2492000000.0,499000000.0,-402000000.0,499000000.0,2090000000.0,440000000.0,1650000000.0,1561000000.0,3.0,0.3464,0.1474,0.1236,0.0923,0.1212,3901000000.0,2492000000.0,3.01,0.93,4.0718,0.94,3.02,1650000000.0,-25000000.0,1625000000.0,0.2307,0.1249,DD
2021-12-31 00:00:00,16653000000.0,10803000000.0,5850000000.0,618000000.0,1855000000.0,2627000000.0,525000000.0,-431000000.0,525000000.0,2196000000.0,392000000.0,1804000000.0,6467000000.0,10.97,0.3513,0.1577,0.1319,0.3883,0.1313,4085000000.0,2627000000.0,3.23,8.66,12.0049,8.68,3.24,1804000000.0,4711000000.0,6515000000.0,0.2453,0.137,DD
2021-09-30 00:00:00,13070000000.0,8326000000.0,4744000000.0,568000000.0,1603000000.0,3490000000.0,584000000.0,-463000000.0,545000000.0,1595000000.0,108000000.0,1487000000.0,6485000000.0,10.87,0.363,0.267,0.122,0.4962,0.1754,5364000000.0,3490000000.0,2.44,8.4,10.9345,8.43,2.45,1487000000.0,5032000000.0,6519000000.0,0.4104,0.2265,DD
2021-06-30 00:00:00,13500000000.0,8711000000.0,4789000000.0,571000000.0,1595000000.0,3036000000.0,666000000.0,-506000000.0,595000000.0,1464000000.0,150000000.0,1314000000.0,6015000000.0,10.01,0.3547,0.2249,0.1084,0.4456,0.2368,5491000000.0,3036000000.0,2.07,7.92,10.0618,7.94,2.08,1314000000.0,4729000000.0,6043000000.0,0.4067,0.2513,DD
2021-03-31 00:00:00,13685000000.0,9050000000.0,4635000000.0,591000000.0,1614000000.0,137000000.0,730000000.0,-476000000.0,647000000.0,-1405000000.0,65000000.0,-1470000000.0,3059000000.0,5.74,0.3387,0.01,-0.1027,0.2235,0.2474,5531000000.0,137000000.0,-1.92,7.64,5.7771,7.66,-1.92,-1470000000.0,4555000000.0,3085000000.0,0.4042,0.2744,DD
2020-12-31 00:00:00,14338000000.0,9508000000.0,4830000000.0,625000000.0,1701000000.0,-1761000000.0,767000000.0,-485000000.0,672000000.0,-2246000000.0,160000000.0,-2406000000.0,-2951000000.0,-4.01,0.3369,-0.1228,-0.1566,-0.2058,0.2744,4547000000.0,-1761000000.0,-3.31,-0.7,-3.9741,-0.7,-3.31,-2406000000.0,-517000000.0,-2923000000.0,0.3171,0.2856,DD
2020-09-30 00:00:00,9716000000.0,6412000000.0,3304000000.0,431000000.0,1985000000.0,-606000000.0,748000000.0,-568000000.0,691000000.0,-2092000000.0,80000000.0,-2172000000.0,-2997000000.0,-4.07,0.3401,-0.0624,-0.2153,-0.3085,0.3234,5214000000.0,-606000000.0,-3.01,-1.06,-4.0364,-1.07,-3.01,-2172000000.0,-793000000.0,-2965000000.0,0.5366,0.3471,DD
2020-06-30 00:00:00,11513000000.0,7526000000.0,3987000000.0,516000000.0,2227000000.0,0.0,,-566000000.0,703000000.0,-1850000000.0,36000000.0,-1886000000.0,-2546000000.0,-3.46,0.3463,0.0,-0.1607,-0.2211,0.1923,5356000000.0,0.0,-2.63,-0.84,-3.4327,-0.84,-2.63,-1886000000.0,-630000000.0,-2516000000.0,0.4652,0.2588,DD
2020-03-31 00:00:00,13692000000.0,8724000000.0,4968000000.0,595000000.0,2455000000.0,-880000000.0,,-603000000.0,687000000.0,-417000000.0,183000000.0,-600000000.0,-639000000.0,-0.85,0.3628,-0.0643,-0.0305,-0.0467,0.0667,3070000000.0,-880000000.0,-0.85,-0.01,-0.7846,-0.01,-0.85,-600000000.0,18000000.0,-582000000.0,0.2242,0.1534,DD
2019-12-31 00:00:00,15436000000.0,10026000000.0,5410000000.0,689000000.0,2699000000.0,456000000.0,,-582000000.0,667000000.0,-126000000.0,-2000000.0,-124000000.0,498000000.0,0.6701,0.3505,0.0295,-0.0082,0.0323,-0.0495,4826000000.0,456000000.0,-0.21,0.87,0.804,0.87,-0.21,-124000000.0,724000000.0,600000000.0,0.3126,0.0913,DD
2019-09-30 00:00:00,5852000000.0,1780000000.0,4072000000.0,492000000.0,1828000000.0,-4278000000.0,,25000000.0,198000000.0,-1903000000.0,-188000000.0,-1715000000.0,793000000.0,1.0602,0.6958,-0.731,-0.3252,0.1355,0.4897,1414000000.0,-4278000000.0,-2.2401,3.3064,1.2317,3.3165,-2.2301,-1715000000.0,2636000000.0,921000000.0,0.2416,1.0137,DD
2019-06-30 00:00:00,6109000000.0,2019000000.0,4090000000.0,531000000.0,1914000000.0,-4739000000.0,,204000000.0,371000000.0,-2185000000.0,-229000000.0,-1956000000.0,922000000.0,1.2203,0.6695,-0.7757,-0.3577,0.1509,0.1341,2033000000.0,-4739000000.0,-2.5801,3.7964,1.4302,3.8065,-2.5701,-1956000000.0,3039000000.0,1083000000.0,0.3328,0.7738,DD
2019-03-31 00:00:00,6498000000.0,2608000000.0,3890000000.0,569000000.0,2040000000.0,-1481000000.0,,374000000.0,560000000.0,-1107000000.0,-285000000.0,-822000000.0,3262000000.0,4.2605,0.5986,-0.2279,-0.1704,0.502,0.4434,5603000000.0,-1481000000.0,-1.0701,5.3164,4.4913,5.3465,-1.0601,-822000000.0,4246000000.0,3424000000.0,0.8623,1.0609,DD
2018-12-31 00:00:00,22594000000.0,15302000000.0,7292000000.0,1070000000.0,3028000000.0,208000000.0,,392000000.0,692000000.0,600000000.0,195000000.0,405000000.0,3845000000.0,4.9805,0.3227,0.0092,0.0266,0.1702,0.0436,7754000000.0,208000000.0,0.45,4.51,5.2152,4.54,0.46,405000000.0,3595000000.0,4000000000.0,0.3432,0.2094,DD
2018-09-30 00:00:00,2304000000.0,587000000.0,1717000000.0,604000000.0,2348000000.0,-4451000000.0,,699000000.0,,-3752000000.0,-2472000000.0,-1280000000.0,1810000000.0,2.7302,0.7452,-1.9319,-1.6285,0.7856,0.1437,5579000000.0,-4451000000.0,-4.3905,4.5336,0.3233,4.5735,-4.4705,-1280000000.0,3254000000.0,1974000000.0,2.4214,0.602,DD
2018-06-30 00:00:00,11975000000.0,9003000000.0,2972000000.0,868000000.0,2618000000.0,-3318000000.0,,523000000.0,,-2795000000.0,-1938000000.0,-857000000.0,1823000000.0,3.0302,0.2482,-0.2771,-0.2334,0.1522,-0.1473,6563000000.0,-3318000000.0,-3.5504,4.0036,0.6345,4.0435,-3.6304,-857000000.0,2826000000.0,1969000000.0,0.5481,-0.0594,DD
2018-03-31 00:00:00,19952000000.0,15679000000.0,4273000000.0,1006000000.0,2570000000.0,-1408000000.0,,297000000.0,1213000000.0,-1111000000.0,-1582000000.0,471000000.0,1375000000.0,3.9903,0.2142,-0.0706,-0.0557,0.0689,-0.1915,7034000000.0,-1408000000.0,-0.3701,1.7636,1.6552,1.7835,-0.4201,471000000.0,1049000000.0,1524000000.0,0.3525,-0.1416,DD
2017-12-31 00:00:00,11672000000.0,9558000000.0,2114000000.0,657000000.0,1615000000.0,-1892000000.0,,367000000.0,1082000000.0,-1525000000.0,-1758000000.0,233000000.0,1159000000.0,4.8004,0.1811,-0.1621,-0.1307,0.0993,-0.1443,5141000000.0,-1892000000.0,0.38,1.74,2.4516,1.76,0.39,233000000.0,1157000000.0,1291000000.0,0.4405,-0.0655,DD
2017-09-30 00:00:00,55438000000.0,43743000000.0,11695000000.0,1789000000.0,3166000000.0,4084000000.0,,-215000000.0,957000000.0,3869000000.0,957000000.0,2912000000.0,2690000000.0,6.3306,0.211,0.0737,0.0698,0.0485,-0.2251,7826000000.0,4084000000.0,6.3751,0.24,6.9193,0.24,5.7795,2912000000.0,90000000.0,2892000000.0,0.1412,-0.1659,DD
2017-06-30 00:00:00,52567000000.0,41397000000.0,11170000000.0,1660000000.0,2903000000.0,4194000000.0,,-361000000.0,894000000.0,3833000000.0,657000000.0,3176000000.0,2895000000.0,7.2907,0.2125,0.0798,0.0729,0.0551,-0.1678,7286000000.0,4194000000.0,7.2752,,8.1102,,6.7096,3176000000.0,,3176000000.0,0.1386,-0.1032,DD
2017-03-31 00:00:00,50685000000.0,39911000000.0,10774000000.0,1651000000.0,2970000000.0,5673000000.0,,-297000000.0,876000000.0,5376000000.0,332000000.0,5044000000.0,4697000000.0,12.4212,0.2126,0.1119,0.1061,0.0927,-0.1324,8706000000.0,5673000000.0,11.9828,,13.4593,,12.1832,5044000000.0,,5044000000.0,0.1718,-0.0626,DD
2016-12-31 00:00:00,48158000000.0,37668000000.0,10490000000.0,1593000000.0,2953000000.0,4829000000.0,,-416000000.0,858000000.0,4413000000.0,9000000.0,4404000000.0,3978000000.0,10.6511,0.2178,0.1003,0.0916,0.0826,-0.1368,7691000000.0,4829000000.0,10.5611,,11.9244,,10.7111,4404000000.0,,4404000000.0,0.1597,-0.0614,DD
2016-09-30 00:00:00,46600000000.0,35781000000.0,10819000000.0,1563000000.0,3001000000.0,9473000000.0,,-714000000.0,869000000.0,8759000000.0,808000000.0,7951000000.0,7538000000.0,20.2521,0.2322,0.2033,0.188,0.1618,0.0573,12140000000.0,9473000000.0,19.0233,,21.3879,,19.7906,7951000000.0,,7951000000.0,0.2605,0.132,DD
2016-06-30 00:00:00,46153000000.0,35290000000.0,10863000000.0,1546000000.0,2952000000.0,10250000000.0,,-517000000.0,882000000.0,9733000000.0,1164000000.0,8569000000.0,8109000000.0,21.6922,0.2354,0.2221,0.2109,0.1757,0.1026,12782000000.0,10250000000.0,20.5782,,22.9566,,21.6454,8569000000.0,,8569000000.0,0.2769,0.1584,DD
2016-03-31 00:00:00,47111000000.0,36161000000.0,10950000000.0,1576000000.0,2938000000.0,8248000000.0,,-358000000.0,906000000.0,7890000000.0,1351000000.0,6539000000.0,6121000000.0,16.2917,0.2324,0.1751,0.1675,0.1299,0.082,10742000000.0,8248000000.0,15.5348,,17.3983,,16.0871,6539000000.0,,6539000000.0,0.228,0.1377,DD
2015-12-31 00:00:00,48778000000.0,37745000000.0,11033000000.0,1598000000.0,2948000000.0,10202000000.0,,-272000000.0,946000000.0,9930000000.0,2147000000.0,7783000000.0,7345000000.0,19.502,0.2262,0.2092,0.2036,0.1506,0.1279,12723000000.0,10202000000.0,18.4519,,20.6631,,19.3519,7783000000.0,,7783000000.0,0.2608,0.156,DD
2015-09-30 00:00:00,51700000000.0,40641000000.0,11059000000.0,1622000000.0,3037000000.0,7000000000.0,,-200000000.0,968000000.0,6900000000.0,1909000000.0,4991000000.0,4552000000.0,11.9112,0.2139,0.1354,0.1335,0.088,0.1201,9663000000.0,7000000000.0,12.1529,,13.1476,,13.1476,4991000000.0,,4991000000.0,0.1869,0.1534,DD
2015-06-30 00:00:00,54069000000.0,43068000000.0,11001000000.0,1649000000.0,3101000000.0,6193000000.0,,-114000000.0,968000000.0,6179000000.0,1660000000.0,4519000000.0,4114000000.0,10.7111,0.2035,0.1145,0.1143,0.0761,0.0888,8917000000.0,6193000000.0,11.1504,,11.8506,,11.8506,4519000000.0,,4519000000.0,0.1649,0.1331,DD
2015-03-31 00:00:00,56076000000.0,45266000000.0,10810000000.0,1639000000.0,3079000000.0,6050000000.0,,-171000000.0,978000000.0,5979000000.0,1687000000.0,4292000000.0,3861000000.0,9.961,0.1928,0.1079,0.1066,0.0689,0.0865,8809000000.0,6050000000.0,10.7109,,11.1637,,11.1637,4292000000.0,,4292000000.0,0.1571,0.1281,DD
2014-12-31 00:00:00,58167000000.0,47464000000.0,10703000000.0,1647000000.0,3106000000.0,5262000000.0,,-97000000.0,983000000.0,5265000000.0,1426000000.0,3839000000.0,3432000000.0,8.7008,0.184,0.0905,0.0905,0.059,0.0524,8059000000.0,5262000000.0,9.7036,,9.8371,,9.8371,3839000000.0,,3839000000.0,0.1385,0.1118,DD
2014-09-30 00:00:00,58169000000.0,47921000000.0,10248000000.0,1696000000.0,3121000000.0,5511000000.0,,22000000.0,983000000.0,5533000000.0,1505000000.0,4028000000.0,3661000000.0,9.1808,0.1762,0.0947,0.0951,0.0629,0.057,8255000000.0,5511000000.0,9.6453,,10.2272,,10.2272,4028000000.0,,4028000000.0,0.1419,0.1028,DD
2014-06-30 00:00:00,57498000000.0,47861000000.0,9637000000.0,1705000000.0,3066000000.0,5022000000.0,,85000000.0,1014000000.0,5107000000.0,1358000000.0,3749000000.0,3403000000.0,8.5208,0.1676,0.0873,0.0888,0.0592,0.0568,7725000000.0,5022000000.0,8.9237,,9.48,,9.48,3749000000.0,,3749000000.0,0.1344,0.0975,DD
2014-03-31 00:00:00,57158000000.0,47620000000.0,9538000000.0,1703000000.0,3031000000.0,6981000000.0,,50000000.0,1051000000.0,7031000000.0,1809000000.0,5222000000.0,4861000000.0,12.1812,0.1669,0.1221,0.123,0.085,0.1045,9666000000.0,6981000000.0,12.1786,,13.191,,13.191,5222000000.0,,5222000000.0,0.1691,0.1391,DD
2013-12-31 00:00:00,57080000000.0,47594000000.0,9486000000.0,1747000000.0,3024000000.0,6830000000.0,,-26000000.0,1101000000.0,6804000000.0,1988000000.0,4816000000.0,4447000000.0,11.1611,0.1662,0.1197,0.1192,0.0779,0.1083,9511000000.0,6830000000.0,11.1977,,12.1813,,12.1813,4816000000.0,,4816000000.0,0.1666,0.1371,DD
2013-09-30 00:00:00,56611000000.0,47465000000.0,9146000000.0,1733000000.0,2927000000.0,4849000000.0,,-281000000.0,1149000000.0,4568000000.0,1531000000.0,3037000000.0,2768000000.0,6.9307,0.1616,0.0857,0.0807,0.0489,0.0845,7741000000.0,4849000000.0,7.1585,,7.6545,,7.6545,3037000000.0,,3037000000.0,0.1367,0.1261,DD
2013-06-30 00:00:00,56514000000.0,47117000000.0,9397000000.0,1749000000.0,2968000000.0,4960000000.0,,-483000000.0,1203000000.0,4477000000.0,1534000000.0,2943000000.0,2671000000.0,6.6906,0.1663,0.0878,0.0792,0.0473,0.0785,7852000000.0,4960000000.0,6.9408,,7.4357,,7.4357,2943000000.0,,2943000000.0,0.1389,0.1211,DD
2013-03-31 00:00:00,56450000000.0,47214000000.0,9236000000.0,1738000000.0,2926000000.0,2819000000.0,,-596000000.0,1236000000.0,2223000000.0,983000000.0,1240000000.0,980000000.0,2.4602,0.1636,0.0499,0.0394,0.0174,0.0366,5726000000.0,2819000000.0,3.1379,,3.1541,,3.1541,1240000000.0,,1240000000.0,0.1014,0.081,DD
2012-12-31 00:00:00,56786000000.0,47792000000.0,8994000000.0,1708000000.0,2861000000.0,2357000000.0,,-692000000.0,1269000000.0,1665000000.0,565000000.0,1100000000.0,842000000.0,2.1302,0.1584,0.0415,0.0293,0.0148,0.0271,5275000000.0,2357000000.0,2.8055,,2.8214,,2.8214,1100000000.0,,1100000000.0,0.0929,0.0718,DD
