Date,Revenue,Cost of Revenue,Gross Profit,SG&A Expenses,Operating Income,Interest Expense (Operating),Non-operating Income/Expense,Non-operating Interest Expenses,EBT,Income Tax Provision,Income after Tax,Share of Subsidiary Earnings,Net Income Common,EPS (Basic),Gross Margin,EBIT Margin,EBT margin,Net Profit Margin,Free Cash Flow Margin,EBITDA,EBIT,"EPS (Diluted, from Cont. Ops)","EPS (Diluted, from Disc. Ops)","EPS (Basic, Consolidated)","EPS (Basic, from Discontinued Ops)","EPS (Basic, from Continuous Ops)",Income from Continuous Operations,Income from Discontinued Operations,Consolidated Net Income/Loss,EBITDA Margin,Operating Cash Flow Margin,Ticker
2022-09-30 00:00:00,10294000000.0,6593000000.0,3701000000.0,1775000000.0,1829000000.0,148000000.0,-201000000.0,143000000.0,1628000000.0,382000000.0,1246000000.0,66000000.0,1235000000.0,10.36,0.3595,0.1777,0.1582,0.12,0.1422,2256000000.0,1829000000.0,10.1087,,11.1218,,10.3318,1312000000.0,,1312000000.0,0.2192,0.1812,DGX
2022-06-30 00:00:00,10582000000.0,6645000000.0,3937000000.0,1738000000.0,2089000000.0,149000000.0,-158000000.0,148000000.0,1931000000.0,454000000.0,1477000000.0,86000000.0,1484000000.0,12.27,0.372,0.1974,0.1825,0.1402,0.1467,2509000000.0,2089000000.0,11.9857,,13.0271,,12.2371,1563000000.0,,1563000000.0,0.2371,0.1818,DGX
2022-03-31 00:00:00,10679000000.0,6599000000.0,4080000000.0,1745000000.0,2234000000.0,151000000.0,191000000.0,150000000.0,2425000000.0,554000000.0,1871000000.0,92000000.0,1881000000.0,15.32,0.3821,0.2092,0.2271,0.1761,0.15,2647000000.0,2234000000.0,15.003,,16.0903,,15.3003,1963000000.0,,1963000000.0,0.2479,0.1856,DGX
2021-12-31 00:00:00,10788000000.0,6579000000.0,4209000000.0,1727000000.0,2381000000.0,152000000.0,218000000.0,151000000.0,2599000000.0,597000000.0,2002000000.0,78000000.0,1995000000.0,15.87,0.3902,0.2207,0.2409,0.1849,0.1696,2789000000.0,2381000000.0,15.55,,16.64,,15.85,2080000000.0,,2080000000.0,0.2585,0.207,DGX
2021-09-30 00:00:00,11046000000.0,6594000000.0,4452000000.0,1710000000.0,2640000000.0,154000000.0,215000000.0,153000000.0,2855000000.0,674000000.0,2181000000.0,95000000.0,2184000000.0,16.96,0.403,0.239,0.2585,0.1977,0.1695,3040000000.0,2640000000.0,16.9155,,17.7462,,17.1797,2276000000.0,,2276000000.0,0.2752,0.2076,DGX
2021-06-30 00:00:00,11058000000.0,6504000000.0,4554000000.0,1679000000.0,2706000000.0,158000000.0,248000000.0,157000000.0,2954000000.0,698000000.0,2256000000.0,84000000.0,2247000000.0,17.05,0.4118,0.2447,0.2671,0.2032,0.1963,3094000000.0,2706000000.0,17.0134,,17.8394,,17.2729,2340000000.0,,2340000000.0,0.2798,0.2346,DGX
2021-03-31 00:00:00,10335000000.0,6160000000.0,4175000000.0,1610000000.0,2456000000.0,162000000.0,-64000000.0,160000000.0,2392000000.0,587000000.0,1805000000.0,78000000.0,1801000000.0,13.38,0.404,0.2376,0.2314,0.1743,0.2001,2833000000.0,2456000000.0,13.3144,,14.0797,,13.5132,1883000000.0,,1883000000.0,0.2741,0.2408,DGX
2020-12-31 00:00:00,9437000000.0,5804000000.0,3633000000.0,1550000000.0,1971000000.0,166000000.0,-87000000.0,163000000.0,1884000000.0,460000000.0,1424000000.0,75000000.0,1431000000.0,10.6,0.385,0.2089,0.1996,0.1516,0.1682,2332000000.0,1971000000.0,10.47,,11.1865,,10.62,1499000000.0,,1499000000.0,0.2471,0.2125,DGX
2020-09-30 00:00:00,8361000000.0,5335000000.0,3026000000.0,1452000000.0,1539000000.0,170000000.0,-85000000.0,166000000.0,1454000000.0,341000000.0,1113000000.0,42000000.0,1105000000.0,8.2,0.3619,0.1841,0.1739,0.1322,0.1655,1884000000.0,1539000000.0,8.2841,,8.6124,,8.3957,1155000000.0,,1155000000.0,0.2253,0.2167,DGX
2020-06-30 00:00:00,7531000000.0,5019000000.0,2512000000.0,1418000000.0,1134000000.0,,-163000000.0,168000000.0,971000000.0,226000000.0,745000000.0,45000000.0,752000000.0,5.59,0.3336,0.1506,0.1289,0.0999,0.1084,1472000000.0,1134000000.0,5.5302,,5.9087,,5.6079,790000000.0,,790000000.0,0.1955,0.1658,DGX
2020-03-31 00:00:00,7657000000.0,5063000000.0,2594000000.0,1420000000.0,1158000000.0,,-177000000.0,172000000.0,981000000.0,223000000.0,758000000.0,58000000.0,793000000.0,5.88,0.3388,0.1512,0.1281,0.1036,0.1017,1488000000.0,1158000000.0,5.6211,,6.2388,,5.6876,816000000.0,,836000000.0,0.1943,0.1587,DGX
2019-12-31 00:00:00,7726000000.0,5037000000.0,2689000000.0,1457000000.0,1231000000.0,,-155000000.0,175000000.0,1076000000.0,247000000.0,829000000.0,57000000.0,858000000.0,6.36,0.348,0.1593,0.1393,0.1111,0.1091,1560000000.0,1231000000.0,6.13,,6.7612,,6.21,886000000.0,,906000000.0,0.2019,0.1609,DGX
2019-09-30 00:00:00,7639000000.0,5008000000.0,2631000000.0,1464000000.0,1088000000.0,,-173000000.0,176000000.0,915000000.0,215000000.0,700000000.0,60000000.0,732000000.0,5.41,0.3444,0.1424,0.1198,0.0958,0.1062,1416000000.0,1088000000.0,5.1944,,5.78,,5.2637,760000000.0,,780000000.0,0.1854,0.1558,DGX
2019-06-30 00:00:00,7572000000.0,4966000000.0,2606000000.0,1456000000.0,1079000000.0,,-168000000.0,173000000.0,911000000.0,201000000.0,710000000.0,51000000.0,730000000.0,5.38,0.3442,0.1425,0.1203,0.0964,0.1227,1402000000.0,1079000000.0,5.1644,0.25,5.775,0.25,5.2337,761000000.0,55000000.0,781000000.0,0.1852,0.1708,DGX
2019-03-31 00:00:00,7538000000.0,4944000000.0,2594000000.0,1445000000.0,1077000000.0,,-167000000.0,170000000.0,910000000.0,180000000.0,730000000.0,45000000.0,723000000.0,5.31,0.3441,0.1429,0.1207,0.0959,0.1244,1396000000.0,1077000000.0,5.2244,,5.7178,,5.3137,775000000.0,,775000000.0,0.1852,0.1718,DGX
2018-12-31 00:00:00,7531000000.0,4926000000.0,2605000000.0,1424000000.0,1101000000.0,,-175000000.0,167000000.0,926000000.0,182000000.0,744000000.0,44000000.0,736000000.0,5.39,0.3459,0.1462,0.123,0.0977,0.1085,1410000000.0,1101000000.0,5.29,,5.7941,,5.39,788000000.0,,788000000.0,0.1872,0.1593,DGX
2018-09-30 00:00:00,7557000000.0,4885000000.0,2672000000.0,1450000000.0,1150000000.0,,-157000000.0,163000000.0,993000000.0,119000000.0,874000000.0,42000000.0,863000000.0,6.32,0.3536,0.1522,0.1314,0.1142,0.1209,1451000000.0,1150000000.0,5.99,,6.7209,,6.114,916000000.0,,916000000.0,0.192,0.1625,DGX
2018-06-30 00:00:00,7524000000.0,4853000000.0,2671000000.0,1444000000.0,1144000000.0,,-159000000.0,160000000.0,985000000.0,163000000.0,822000000.0,42000000.0,811000000.0,5.94,0.355,0.152,0.1309,0.1078,0.1186,1437000000.0,1144000000.0,5.71,,6.3292,,5.8314,864000000.0,,864000000.0,0.191,0.1579,DGX
2018-03-31 00:00:00,7469000000.0,4780000000.0,2689000000.0,1451000000.0,1158000000.0,,-145000000.0,156000000.0,1013000000.0,215000000.0,798000000.0,40000000.0,785000000.0,5.74,0.36,0.155,0.1356,0.1051,0.1173,1440000000.0,1158000000.0,5.6186,,6.1269,,5.7423,838000000.0,,838000000.0,0.1928,0.1552,DGX
2017-12-31 00:00:00,7402000000.0,4719000000.0,2683000000.0,1443000000.0,1165000000.0,,-135000000.0,151000000.0,1030000000.0,241000000.0,789000000.0,35000000.0,772000000.0,5.63,0.3625,0.1574,0.1392,0.1043,0.1247,1435000000.0,1165000000.0,5.5,,6.0146,,5.63,824000000.0,,824000000.0,0.1939,0.1587,DGX
2017-09-30 00:00:00,7097000000.0,4685000000.0,2412000000.0,1160000000.0,1172000000.0,,-134000000.0,148000000.0,1038000000.0,348000000.0,690000000.0,34000000.0,670000000.0,4.88,0.3399,0.1651,0.1463,0.0944,0.1275,1432000000.0,1172000000.0,5.157,,5.2653,,5.2653,724000000.0,,724000000.0,0.2018,0.1695,DGX
2017-06-30 00:00:00,7126000000.0,4652000000.0,2474000000.0,1221000000.0,1196000000.0,,-127000000.0,147000000.0,1069000000.0,351000000.0,718000000.0,36000000.0,701000000.0,5.07,0.3472,0.1678,0.15,0.0984,0.1187,1450000000.0,1196000000.0,5.3507,,5.4627,,5.4627,754000000.0,,754000000.0,0.2035,0.1603,DGX
2017-03-31 00:00:00,7168000000.0,4637000000.0,2531000000.0,1293000000.0,1299000000.0,,-139000000.0,143000000.0,1160000000.0,440000000.0,720000000.0,36000000.0,703000000.0,5.05,0.3531,0.1812,0.1618,0.0981,0.1215,1548000000.0,1299000000.0,5.3439,,5.4447,,5.4447,756000000.0,,756000000.0,0.216,0.1617,DGX
2016-12-31 00:00:00,7214000000.0,4616000000.0,2598000000.0,1380000000.0,1277000000.0,,-191000000.0,143000000.0,1086000000.0,429000000.0,657000000.0,39000000.0,642000000.0,4.57,0.3601,0.177,0.1505,0.089,0.1141,1526000000.0,1277000000.0,4.9014,,4.9715,,4.9715,696000000.0,,696000000.0,0.2115,0.1547,DGX
2016-09-30 00:00:00,7503000000.0,4606000000.0,2897000000.0,1710000000.0,1240000000.0,,-190000000.0,143000000.0,1050000000.0,359000000.0,691000000.0,38000000.0,675000000.0,4.77,0.3861,0.1653,0.1399,0.09,0.1037,1500000000.0,1240000000.0,5.0967,,5.1608,,5.1608,729000000.0,,729000000.0,0.1999,0.1382,DGX
2016-06-30 00:00:00,7498000000.0,4611000000.0,2887000000.0,1703000000.0,1549000000.0,,-196000000.0,141000000.0,1353000000.0,503000000.0,850000000.0,28000000.0,825000000.0,5.77,0.385,0.2066,0.1804,0.11,0.0931,1823000000.0,1549000000.0,6.0944,,6.1443,,6.1443,878000000.0,,878000000.0,0.2431,0.1264,DGX
2016-03-31 00:00:00,7517000000.0,4638000000.0,2879000000.0,1702000000.0,1428000000.0,,-258000000.0,144000000.0,1170000000.0,398000000.0,772000000.0,26000000.0,748000000.0,5.21,0.383,0.19,0.1556,0.0995,0.0889,1716000000.0,1428000000.0,5.5123,,5.5472,,5.5472,798000000.0,,798000000.0,0.2283,0.1227,DGX
2015-12-31 00:00:00,7493000000.0,4657000000.0,2836000000.0,1679000000.0,1399000000.0,,-296000000.0,153000000.0,1103000000.0,373000000.0,730000000.0,23000000.0,706000000.0,4.92,0.3785,0.1867,0.1472,0.0942,0.0745,1703000000.0,1399000000.0,5.1932,,5.2291,,5.2291,753000000.0,,753000000.0,0.2273,0.1096,DGX
2015-09-30 00:00:00,7527000000.0,4691000000.0,2836000000.0,1677000000.0,1417000000.0,,-316000000.0,159000000.0,1101000000.0,387000000.0,714000000.0,34000000.0,711000000.0,4.91,0.3768,0.1883,0.1463,0.0945,0.0797,1726000000.0,1417000000.0,4.8872,,5.2074,,4.9246,748000000.0,,753000000.0,0.2293,0.114,DGX
2015-06-30 00:00:00,7551000000.0,4707000000.0,2844000000.0,1721000000.0,1042000000.0,,-319000000.0,165000000.0,723000000.0,230000000.0,493000000.0,40000000.0,498000000.0,3.43,0.3766,0.138,0.0957,0.066,0.0807,1353000000.0,1042000000.0,3.4044,,3.7077,,3.4249,533000000.0,,538000000.0,0.1792,0.1214,DGX
2015-03-31 00:00:00,7528000000.0,4699000000.0,2829000000.0,1732000000.0,1003000000.0,,-251000000.0,170000000.0,752000000.0,239000000.0,513000000.0,,513000000.0,3.53,0.3758,0.1332,0.0999,0.0681,0.0818,1320000000.0,1003000000.0,3.494,,3.798,,3.5152,546000000.0,,551000000.0,0.1753,0.1211,DGX
2014-12-31 00:00:00,7435000000.0,4637000000.0,2798000000.0,1728000000.0,983000000.0,,-160000000.0,164000000.0,823000000.0,262000000.0,561000000.0,,556000000.0,3.83,0.3763,0.1322,0.1107,0.0748,0.0855,1297000000.0,983000000.0,3.78,,4.0827,,3.7999,587000000.0,,592000000.0,0.1744,0.127,DGX
2014-09-30 00:00:00,7308000000.0,4504000000.0,2804000000.0,1716000000.0,996000000.0,,-163000000.0,161000000.0,833000000.0,321000000.0,512000000.0,,509000000.0,3.5,0.3837,0.1363,0.114,0.0696,0.0753,1303000000.0,996000000.0,3.6434,,3.7161,,3.6655,543000000.0,,543000000.0,0.1783,0.1156,DGX
2014-06-30 00:00:00,7192000000.0,4415000000.0,2777000000.0,1693000000.0,1429000000.0,,-153000000.0,160000000.0,1276000000.0,484000000.0,792000000.0,,785000000.0,5.31,0.3861,0.1987,0.1774,0.1091,0.072,1726000000.0,1429000000.0,5.3448,,5.5175,,5.3869,816000000.0,,818000000.0,0.24,0.1058,DGX
2014-03-31 00:00:00,7105000000.0,4335000000.0,2770000000.0,1671000000.0,1456000000.0,,-153000000.0,158000000.0,1303000000.0,492000000.0,811000000.0,,817000000.0,5.47,0.3899,0.2049,0.1834,0.115,0.0618,1744000000.0,1456000000.0,5.3555,,5.6687,,5.3908,835000000.0,,850000000.0,0.2455,0.097,DGX
2013-12-31 00:00:00,7146000000.0,4326000000.0,2820000000.0,1704000000.0,1475000000.0,,-151000000.0,159000000.0,1324000000.0,500000000.0,824000000.0,,849000000.0,5.61,0.3946,0.2064,0.1853,0.1188,0.0589,1758000000.0,1475000000.0,5.31,0.23,5.8093,0.23,5.35,848000000.0,,883000000.0,0.246,0.0912,DGX
2013-09-30 00:00:00,7164203000.0,4347895000.0,2816307700.0,1709809000.0,1470208700.0,,-128985000.0,160339000.0,1341224000.0,494734000.0,846490000.0,,762095000.0,4.99,0.3931,0.2052,0.1872,0.1064,0.0848,1752908800.0,1470208700.0,5.25,-0.3,5.2104,-0.31,5.29,846490000.0,-49016000.0,797474000.0,0.2447,0.1148,DGX
2013-06-30 00:00:00,7197951000.0,4339912000.0,2858038800.0,1703663000.0,1085828700.0,,-130630000.0,161148000.0,955199000.0,353712000.0,601487000.0,,520177000.0,3.31,0.3971,0.1509,0.1327,0.0723,0.114,1370799800.0,1085828700.0,3.57,-0.29,3.5307,-0.3,3.6,601487000.0,-46475000.0,555012000.0,0.1904,0.1431,DGX
2013-03-31 00:00:00,7261303000.0,4347836000.0,2913466900.0,1709748000.0,1130180900.0,,-133263000.0,162898000.0,996918000.0,372438000.0,624480000.0,,532882000.0,3.35,0.4012,0.1556,0.1373,0.0734,0.1201,1415007000.0,1130180900.0,3.67,-0.35,3.5701,-0.36,3.71,624480000.0,-56995000.0,567485000.0,0.1949,0.1477,DGX
2012-12-31 00:00:00,7383000000.0,4365000000.0,3018000000.0,1745000000.0,1201000000.0,,-133000000.0,165000000.0,1068000000.0,402000000.0,666000000.0,,556000000.0,3.49,0.4088,0.1627,0.1447,0.0753,0.1361,1488000100.0,1201000000.0,3.92,-0.46,3.7233,-0.47,3.96,666000000.0,-74000000.0,592000000.0,0.2015,0.1608,DGX
