Date,Revenue,Cost of Revenue,Gross Profit,SG&A Expenses,Operating Income,Non-operating Income/Expense,Non-operating Interest Expenses,EBT,Income Tax Provision,Income after Tax,Net Income Common,EPS (Basic),Gross Margin,EBIT Margin,EBT margin,Net Profit Margin,Free Cash Flow Margin,EBITDA,EBIT,"EPS (Diluted, from Cont. Ops)","EPS (Basic, Consolidated)","EPS (Basic, from Continuous Ops)",Income from Continuous Operations,Consolidated Net Income/Loss,EBITDA Margin,Operating Cash Flow Margin,Ticker
2022-09-30 00:00:00,33479900000.0,22975800000.0,10504100000.0,2933600000.0,7570500000.0,59300000.0,,7629800000.0,1734100000.0,5895700000.0,5857600000.0,16.68,0.3137,0.2261,0.2279,0.175,0.0124,7652200000.0,7570500000.0,16.6426,16.7838,16.7838,5895700000.0,5895700000.0,0.2286,0.0168,DHI
2022-06-30 00:00:00,31949799000.0,21918099000.0,10031700000.0,2794700000.0,7237002000.0,53400000.0,,7290400000.0,1697400000.0,5593000000.0,5564700000.0,15.72,0.314,0.2265,0.2282,0.1742,-0.0047,7315702000.0,7237001000.0,15.6269,15.7752,15.7752,5593000000.0,5593000000.0,0.229,0.0002,DHI
2022-03-31 00:00:00,30446299000.0,21251399000.0,9194900000.0,2709800000.0,6467002000.0,55700000.0,,6522700000.0,1472500000.0,5050200000.0,5032400000.0,14.12,0.302,0.2124,0.2142,0.1653,-0.009,6544302000.0,6467001000.0,13.995,14.1492,14.1492,5050200000.0,5050200000.0,0.2149,-0.0048,DHI
2021-12-31 00:00:00,28894199000.0,20472399000.0,8421800000.0,2636200000.0,5767502000.0,51800000.0,,5819300000.0,1277500000.0,4541800000.0,4525600000.0,12.62,0.2915,0.1996,0.2014,0.1566,0.0146,5846102000.0,5767501000.0,12.4903,12.6422,12.6422,4541800000.0,4541800000.0,0.2023,0.0212,DHI
2021-09-30 00:00:00,27774199000.0,19899199000.0,7875000000.0,2556200000.0,5300702000.0,55600000.0,,5356300000.0,1165100000.0,4191200100.0,4175800000.0,11.58,0.2835,0.1908,0.1929,0.1503,0.011,5382802000.0,5300701000.0,11.4576,11.6068,11.6068,4191200100.0,4191200000.0,0.1938,0.0192,DHI
2021-06-30 00:00:00,26065299000.0,18949500000.0,7115799000.0,2460800000.0,4636900000.0,48900000.0,,4685800000.0,1009100000.0,3676700100.0,3665800100.0,10.12,0.273,0.1779,0.1798,0.1406,0.0211,4725900000.0,4636900000.0,10.0028,10.1398,10.1398,3676700100.0,3676700000.0,0.1813,0.0306,DHI
2021-03-31 00:00:00,24170699000.0,17821600000.0,6349099000.0,2332600000.0,4016499800.0,36100000.0,,4052600000.0,859500000.0,3193100100.0,3181000100.0,8.75,0.2627,0.1662,0.1677,0.1316,0.0564,4106599800.0,4016499800.0,8.6567,8.7755,8.7755,3193100100.0,3193100000.0,0.1699,0.0688,DHI
2020-12-31 00:00:00,22223799000.0,16621500000.0,5602299000.0,2177900000.0,3424399700.0,69600000.0,,3494000000.0,750800000.0,2743200100.0,2734200100.0,7.5,0.2521,0.1541,0.1572,0.123,0.0483,3515799700.0,3424399700.0,7.4212,7.5209,7.5209,2743200100.0,2743200000.0,0.1582,0.0577,DHI
2020-09-30 00:00:00,20311099000.0,15373200000.0,4937899000.0,2047800000.0,2890099700.0,92900000.0,,2983000000.0,602500000.0,2380500000.0,2373700100.0,6.5,0.2431,0.1423,0.1469,0.1169,0.0623,2980699700.0,2890099700.0,6.4303,6.513,6.513,2380500000.0,2380500000.0,0.1468,0.07,DHI
2020-06-30 00:00:00,18949600000.0,14501200000.0,4448400000.0,1955600000.0,2492799100.0,94300000.0,,2587100000.0,533800000.0,2053300100.0,2049900000.0,5.59,0.2347,0.1315,0.1365,0.1082,0.0658,2580399100.0,2492799800.0,5.527,5.5954,5.5954,2053300100.0,2053300000.0,0.1362,0.0739,DHI
2020-03-31 00:00:00,18465900000.0,14248100000.0,4217800000.0,1908100000.0,2309699000.0,121700000.0,,2431400000.0,537400000.0,1894000100.0,1894000000.0,5.14,0.2284,0.1251,0.1317,0.1026,0.0467,2397999000.0,2309699700.0,5.0624,5.1278,5.1278,1894000100.0,1894000000.0,0.1299,0.0519,DHI
2019-12-31 00:00:00,18094600000.0,14054000000.0,4040600200.0,1885500000.0,2155099400.0,117800000.0,,2272900000.0,508500000.0,1764400100.0,1762600000.0,4.76,0.2233,0.1191,0.1256,0.0974,0.0593,2240599400.0,2155100100.0,4.6929,4.7541,4.7541,1764400100.0,1764400000.0,0.1238,0.0636,DHI
2019-09-30 00:00:00,17592900000.0,13720900000.0,3872000100.0,1832500000.0,2039499300.0,85800000.0,,2125300000.0,506700000.0,1618600100.0,1618500000.0,4.36,0.2201,0.1159,0.1208,0.092,0.0461,2122399300.0,2039500000.0,4.2889,4.3441,4.3441,1618600100.0,1618600000.0,0.1206,0.0507,DHI
2019-06-30 00:00:00,17059300000.0,13298599000.0,3760701100.0,1783800000.0,1979699800.0,93300000.0,,2073000000.0,489300000.0,1583700000.0,1579500100.0,4.23,0.2204,0.116,0.1215,0.0926,0.0179,2059599800.0,1979700500.0,4.1742,4.2331,4.2331,1583700000.0,1583700100.0,0.1207,0.0187,DHI
2019-03-31 00:00:00,16588300000.0,12864199000.0,3724101100.0,1738700000.0,1988200100.0,74300000.0,,2062500000.0,498700000.0,1563800000.0,1558500100.0,4.15,0.2245,0.1199,0.1243,0.094,0.0089,2064200100.0,1988200800.0,4.101,4.1632,4.1632,1563800000.0,1563800100.0,0.1244,0.011,DHI
2018-12-31 00:00:00,16254300000.0,12569099000.0,3685200800.0,1695400000.0,1992599800.0,51900000.0,,2044500000.0,484300000.0,1560200000.0,1558200100.0,4.14,0.2267,0.1226,0.1258,0.0959,0.0246,2066999800.0,1992600500.0,4.0765,4.1448,4.1448,1560200000.0,1560200100.0,0.1272,0.0152,DHI
2018-09-30 00:00:00,16068000000.0,12398099000.0,3669900800.0,1676800000.0,1995899800.0,64100000.0,,2060000000.0,597700000.0,1462300000.0,1460300100.0,3.87,0.2284,0.1242,0.1282,0.0909,0.0436,2068199800.0,1995900500.0,3.8141,3.8829,3.8829,1462300000.0,1462300100.0,0.1287,0.0339,DHI
2018-06-30 00:00:00,15721800000.0,12202800000.0,3518999500.0,1636000000.0,1883000100.0,54800000.0,,1937799900.0,631200000.0,1306599900.0,1307400000.0,3.47,0.2238,0.1198,0.1233,0.0832,0.0655,1951300100.0,1883000300.0,3.4148,3.4723,3.4723,1306599900.0,1306600000.0,0.1241,0.0593,DHI
2018-03-31 00:00:00,15062900000.0,11766700000.0,3296199300.0,1575600000.0,1720599900.0,45500000.0,,1766099900.0,624200000.0,1141899900.0,1142600000.0,3.04,0.2188,0.1142,0.1172,0.0759,0.0366,1785899900.0,1720600100.0,2.9931,3.0412,3.0412,1141899900.0,1141900000.0,0.1186,0.0317,DHI
2017-12-31 00:00:00,14519500000.0,11355000000.0,3164499500.0,1529900000.0,1634600100.0,40600000.0,,1675199900.0,654900000.0,1020299900.0,1020800000.0,2.72,0.2179,0.1126,0.1154,0.0703,0.0164,1696000100.0,1634600300.0,2.6842,2.7224,2.7224,1020299900.0,1020300000.0,0.1168,0.0271,DHI
2017-09-30 00:00:00,14091000000.0,11042800000.0,3048199600.0,1471600000.0,1576600300.0,25500000.0,,1602099900.0,563700000.0,1038399900.0,1038400000.0,2.77,0.2163,0.1119,0.1137,0.0737,0.0201,1636300400.0,1576600500.0,2.7405,2.7742,2.7742,1038399900.0,1038400000.0,0.1161,0.0312,DHI
2017-06-30 00:00:00,13673100000.0,10697000000.0,2976100500.0,1440500100.0,1528400600.0,21200000.0,,1549600000.0,540800000.0,1008800000.0,1008800000.0,2.69,0.2177,0.1118,0.1133,0.0738,0.0165,1600800700.0,1528401300.0,2.6688,2.7005,2.7005,1008800000.0,1008800000.0,0.1171,0.0256,DHI
2017-03-31 00:00:00,13128600000.0,10258900000.0,2869700600.0,1402800100.0,1459700700.0,24000000.0,,1483700000.0,514100000.0,969600000.0,969600000.0,2.59,0.2186,0.1112,0.113,0.0739,0.0273,1532800800.0,1459701400.0,2.5716,2.6013,2.6013,969600000.0,969600000.0,0.1168,0.0351,DHI
2016-12-31 00:00:00,12645200000.0,9878300000.0,2766900400.0,1356800100.0,1402900400.0,27400000.0,,1430300000.0,494800000.0,935500000.0,935500000.0,2.51,0.2188,0.1109,0.1131,0.074,0.0403,1477200500.0,1402901100.0,2.4888,2.5161,2.5161,935500000.0,935500000.0,0.1168,0.0472,DHI
2016-09-30 00:00:00,12157400000.0,9502600000.0,2654800200.0,1320300100.0,1327300100.0,26200000.0,,1353500000.0,467200000.0,886300000.0,886300000.0,2.39,0.2184,0.1092,0.1113,0.0729,0.0442,1400900100.0,1327300800.0,2.3628,2.3889,2.3889,886300000.0,886300000.0,0.1152,0.0513,DHI
2016-06-30 00:00:00,11588800000.0,9093399000.0,2495400300.0,1258700000.0,1226900900.0,32300000.0,,1259200000.0,417700000.0,841500000.0,841500100.0,2.28,0.2153,0.1059,0.1087,0.0726,0.0499,1298100900.0,1226900400.0,2.2534,2.2769,2.2769,841500000.0,841500000.0,0.112,0.0518,DHI
2016-03-31 00:00:00,11307700000.0,8890799000.0,2416900500.0,1225700000.0,1181401100.0,33000000.0,,1214400000.0,401300000.0,813100000.0,813100100.0,2.21,0.2137,0.1045,0.1074,0.0719,0.0778,1253201100.0,1181400600.0,2.1868,2.2086,2.2086,813100000.0,813100000.0,0.1108,0.0792,DHI
2015-12-31 00:00:00,10937800000.0,8613499000.0,2324300600.0,1199600000.0,1114901100.0,29100000.0,,1144000000.0,378100000.0,765900000.0,765900100.0,2.08,0.2125,0.1019,0.1046,0.07,0.0749,1185801100.0,1114900600.0,2.0651,2.0859,2.0859,765900000.0,765900000.0,0.1084,0.0757,DHI
2015-09-30 00:00:00,10824000000.0,8535699000.0,2288300900.0,1186000000.0,1092501400.0,30900000.0,,1123400000.0,372700000.0,750700000.0,750700100.0,2.04,0.2114,0.1009,0.1038,0.0694,0.0647,1162001500.0,1092500900.0,2.03,2.0494,2.0494,750700000.0,750700000.0,0.1074,0.0647,DHI
2015-06-30 00:00:00,10123700000.0,7976500000.0,2147199900.0,1141100000.0,1006099800.0,29300000.0,,1035400000.0,357400000.0,678000000.0,678000000.0,1.85,0.2121,0.0994,0.1023,0.067,0.0007,1063699900.0,1006099900.0,1.8374,1.8565,1.8565,678000000.0,678000000.0,0.1051,0.01,DHI
2015-03-31 00:00:00,9319900000.0,7381600000.0,1938299800.0,1093000000.0,845299700.0,28100000.0,,873400000.0,303700000.0,569700000.0,569700000.0,1.57,0.208,0.0907,0.0937,0.0611,-0.0704,901699800.0,845299800.0,1.547,1.5763,1.5763,569700000.0,569700000.0,0.0967,-0.0606,DHI
2014-12-31 00:00:00,8656900000.0,6809400000.0,1847499800.0,1028000000.0,819499800.0,25700000.0,,845200000.0,292400000.0,552800000.0,552800000.0,1.57,0.2134,0.0947,0.0976,0.0639,-0.1012,880799900.0,819499900.0,1.5042,1.5759,1.5759,552800000.0,552800000.0,0.1017,-0.0904,DHI
2014-09-30 00:00:00,8024900000.0,6268600000.0,1756299700.0,965400000.0,790899700.0,23300000.0,,814200000.0,280700000.0,533500000.0,533500000.0,1.56,0.2189,0.0986,0.1015,0.0665,-0.0949,856699800.0,790899800.0,1.4552,1.5667,1.5667,533500000.0,533500000.0,0.1068,-0.0824,DHI
2014-06-30 00:00:00,7412400000.0,5765500000.0,1646900100.0,904900100.0,742000400.0,24100000.0,,766100000.0,259400000.0,506700000.0,506700000.0,1.53,0.2222,0.1001,0.1034,0.0684,-0.099,810700500.0,742000200.0,1.386,1.541,1.541,506700000.0,506700000.0,0.1094,-0.0899,DHI
2014-03-31 00:00:00,6958200000.0,5335400000.0,1622800100.0,848000100.0,774800400.0,24600000.0,,799400000.0,259800000.0,539600000.0,539600000.0,1.66,0.2332,0.1114,0.1149,0.0775,-0.1035,844700500.0,774800200.0,1.4778,1.6702,1.6702,539600000.0,539600000.0,0.1214,-0.0941,DHI
2013-12-31 00:00:00,6654800000.0,5124800000.0,1530000000.0,813000100.0,717000300.0,22600000.0,,739600000.0,220000000.0,519600000.0,519600000.0,1.61,0.2299,0.1077,0.1111,0.0781,-0.0966,782300400.0,717000100.0,1.424,1.6113,1.6113,519600000.0,519600000.0,0.1176,-0.0872,DHI
2013-09-30 00:00:00,6259300000.0,4853500000.0,1405800000.0,766300100.0,639500200.0,18300000.0,8400000.0,657800000.0,195100000.0,462700000.0,462700000.0,1.44,0.2246,0.1022,0.1051,0.0739,-0.2057,701900200.0,639500000.0,1.268,1.4365,1.4365,462700000.0,462700000.0,0.1121,-0.1964,DHI
2013-06-30 00:00:00,5735700000.0,4473200000.0,1262499900.0,719700000.0,542799700.0,11500000.0,,554300000.0,130800000.0,423500100.0,423500000.0,1.32,0.2201,0.0946,0.0966,0.0738,-0.2275,603399700.0,542799700.0,1.1463,1.3238,1.3238,423500100.0,423500100.0,0.1052,-0.2187,DHI
2013-03-31 00:00:00,5192900000.0,4095700000.0,1097199900.0,678800000.0,418399800.0,3000000.0,14600000.0,421400000.0,-643900000.0,1065300100.0,1065300000.0,3.34,0.2113,0.0806,0.0811,0.2051,-0.2131,478099800.0,418399800.0,2.9353,3.3423,3.3423,1065300100.0,1065300100.0,0.0921,-0.2028,DHI
2012-12-31 00:00:00,4722500000.0,3757700000.0,964800000.0,642800000.0,321999900.0,-400000.0,19000000.0,321600000.0,-673300000.0,994900100.0,994900000.0,3.12,0.2043,0.0682,0.0681,0.2107,-0.211,381599900.0,321999900.0,2.7583,3.1251,3.1251,994900100.0,994900100.0,0.0808,-0.2009,DHI
