Date,Revenue,Cost of Revenue,Gross Profit,SG&A Expenses,Operating Income,Interest Expense (Operating),Non-operating Income/Expense,Non-operating Interest Expenses,EBT,Income Tax Provision,Income after Tax,Net Income Common,EPS (Basic),Gross Margin,EBIT Margin,EBT margin,Net Profit Margin,Free Cash Flow Margin,EBITDA,EBIT,"EPS (Diluted, from Cont. Ops)","EPS (Diluted, from Disc. Ops)","EPS (Basic, Consolidated)","EPS (Basic, from Discontinued Ops)","EPS (Basic, from Continuous Ops)",Income from Continuous Operations,Income from Discontinued Operations,Consolidated Net Income/Loss,EBITDA Margin,Operating Cash Flow Margin,Ticker
2022-08-31 00:00:00,9770000000.0,8204000000.0,1566000000.0,448100000.0,1125800600.0,77000000.0,16000000.0,72900000.0,1052000000.0,137000000.0,916600000.0,915000000.0,7.21,0.1603,0.1152,0.1077,0.0937,0.1112,1503000000.0,1125800200.0,7.2,-0.0047,7.2538,-0.01,7.27,916600000.0,-2500000.0,917000000.0,0.1538,0.1548,DRI
2022-05-31 00:00:00,9630000000.0,8005000000.0,1625000000.0,472500000.0,1162200600.0,73000000.0,7000000.0,68700000.0,1093000000.0,139000000.0,954700000.0,953000000.0,7.4,0.1687,0.1207,0.1135,0.099,0.0906,1530000000.0,1162200200.0,7.4,-0.0099,7.4555,-0.01,7.47,954700000.0,,955000000.0,0.1589,0.1313,DRI
2022-02-28 00:00:00,9306200000.0,7587800000.0,1718400300.0,490000000.0,1147899900.0,68000000.0,-17400000.0,66900000.0,1080000000.0,38000000.0,1042000000.0,1039500000.0,7.98,0.1847,0.1233,0.1161,0.1117,0.107,1501500000.0,1147899900.0,7.97,-0.0255,8.0377,-0.0208,8.06,1042000000.0,-2400000.0,1041500000.0,0.1613,0.1463,DRI
2021-11-30 00:00:00,8590200000.0,6940400000.0,1649800200.0,477800000.0,994899900.0,65000000.0,-33100000.0,64600000.0,929300000.0,6100000.0,923300000.0,921200000.0,7.04,0.1921,0.1158,0.1082,0.1072,0.1058,1350700000.0,994899900.0,7.02,-0.0223,7.079,-0.0146,7.1,923300000.0,-2000000.0,922200000.0,0.1572,0.1448,DRI
2021-08-31 00:00:00,7974700000.0,6365500000.0,1609200200.0,473200000.0,872700100.0,63000000.0,-52100000.0,62500000.0,809000000.0,-18100000.0,826800000.0,824200000.0,6.3,0.2018,0.1094,0.1014,0.1034,0.108,1219400100.0,872700100.0,6.28,-0.0308,6.3204,-0.02,6.34,826800000.0,-2700000.0,825200000.0,0.1529,0.1464,DRI
2021-05-31 00:00:00,7196100000.0,5702600000.0,1493500200.0,487300000.0,648700200.0,64000000.0,-72200000.0,63500000.0,576500000.0,-55900000.0,632400000.0,629300000.0,4.83,0.2075,0.0901,0.0801,0.0875,0.129,999600200.0,648700200.0,4.8,-0.03,4.826,-0.02,4.85,632400000.0,-3100000.0,629300000.0,0.1389,0.1659,DRI
2021-02-28 00:00:00,6187000000.0,5222400000.0,964599900.0,482000000.0,-266799700.0,67000000.0,-73000000.0,66300000.0,-339800000.0,-123500000.0,-216300000.0,-219200000.0,-1.85,0.1559,-0.0431,-0.0549,-0.0354,0.0431,89400300.0,-266799900.0,-1.89,-0.033,-1.9317,-0.0225,-1.91,-216300000.0,-2900000.0,-219200000.0,0.0144,0.0874,DRI
2020-11-30 00:00:00,6800500000.0,5635300000.0,1165200000.0,555800000.0,-136499700.0,65000000.0,-70500000.0,64300000.0,-207000000.0,-94800000.0,-112200000.0,-115600000.0,-0.92,0.1713,-0.0201,-0.0304,-0.017,0.0562,219200400.0,-136499900.0,-0.97,-0.0392,-1.0028,-0.0269,-0.98,-112200000.0,-3400000.0,-115600000.0,0.0322,0.1034,DRI
2020-08-31 00:00:00,7200400000.0,5945100000.0,1255299900.0,604800000.0,-96999800.0,,-221900000.0,62800000.0,-318900000.0,-135200000.0,-183700000.0,-186900000.0,-1.46,0.1743,-0.0135,-0.0443,-0.026,0.0372,260300300.0,-97000000.0,-1.5,-0.0392,-1.5375,-0.03,-1.51,-183700000.0,-3200000.0,-186900000.0,0.0362,0.0931,DRI
2020-05-31 00:00:00,7806900000.0,6398500000.0,1408399800.0,614400000.0,47900100.0,,-208900000.0,57300000.0,-161000000.0,-111800000.0,-49200000.0,-52400000.0,-0.35,0.1804,0.0061,-0.0206,-0.0067,0.0306,403800200.0,47899900.0,-0.4,-0.04,-0.4271,-0.03,-0.4,-49200000.0,-3200000.0,-52400000.0,0.0517,0.0919,DRI
2020-02-29 00:00:00,8765901000.0,6864200000.0,1901700300.0,667800000.0,869800400.0,,-202600000.0,49300000.0,667200000.0,28000000.0,639200000.0,635600000.0,5.2,0.2169,0.0992,0.0761,0.0725,0.0878,1219200500.0,869800400.0,5.16,-0.0376,5.1929,-0.0182,5.22,639200000.0,-3600000.0,635600000.0,0.1391,0.1449,DRI
2019-11-30 00:00:00,8665901000.0,6784600000.0,1881300300.0,661100000.0,857000400.0,,-201800000.0,48500000.0,655200000.0,24200000.0,631000000.0,626900000.0,5.09,0.2171,0.0989,0.0756,0.0723,0.091,1204000400.0,857000400.0,5.06,-0.0376,5.0913,-0.03,5.13,631000000.0,-4100000.0,626900000.0,0.1389,0.1473,DRI
2019-08-31 00:00:00,8582901000.0,6720400000.0,1862500500.0,656500000.0,844900500.0,,-48200000.0,48200000.0,796700000.0,75200000.0,721500000.0,717800000.0,5.82,0.217,0.0984,0.0928,0.0836,0.098,1187100500.0,844900500.0,5.77,-0.03,5.8222,-0.03,5.86,721500000.0,-3700000.0,717800000.0,0.1383,0.1532,DRI
2019-05-31 00:00:00,8510401000.0,6661400000.0,1849000500.0,660800000.0,832500500.0,,-50200000.0,50200000.0,782300000.0,63700000.0,718600000.0,713400000.0,5.77,0.2173,0.0978,0.0919,0.0838,0.0943,1169200500.0,832500500.0,5.73,-0.04,5.7766,-0.04,5.82,718600000.0,-5200000.0,713400000.0,0.1374,0.1489,DRI
2019-02-28 00:00:00,8415400000.0,6584600000.0,1830800100.0,661400000.0,832700000.0,,-51500000.0,51500000.0,781200000.0,95900000.0,685300000.0,679900000.0,5.49,0.2176,0.0989,0.0928,0.0808,0.0865,1160500000.0,832700100.0,5.45,-0.0224,5.4976,-0.05,5.54,685300000.0,-5400000.0,679900000.0,0.1379,0.1413,DRI
2018-11-30 00:00:00,8297300000.0,6502800000.0,1794499900.0,665200000.0,800599900.0,,-156500000.0,156500000.0,644100000.0,-34600000.0,678700000.0,674100000.0,5.44,0.2163,0.0965,0.0776,0.0812,0.0826,1122299900.0,800600000.0,5.39,-0.0224,5.4462,-0.04,5.48,678700000.0,-4600000.0,674100000.0,0.1353,0.1373,DRI
2018-08-31 00:00:00,8205400000.0,6432900000.0,1772499800.0,669100000.0,781399700.0,,-159200000.0,159200000.0,622200000.0,-29200000.0,651400000.0,643200000.0,5.2,0.216,0.0952,0.0758,0.0784,0.0753,1099099700.0,781399800.0,5.18,-0.06,5.1985,-0.06,5.26,651400000.0,-8200000.0,643200000.0,0.1339,0.1276,DRI
2018-05-31 00:00:00,8080100000.0,6334700000.0,1745399800.0,662100000.0,766799700.0,,-161100000.0,161100000.0,605700000.0,1900000.0,603800000.0,596000000.0,4.81,0.216,0.0949,0.075,0.0738,0.0748,1079899700.0,766799800.0,4.79,-0.06,4.8065,-0.06,4.87,603800000.0,-7800000.0,596000000.0,0.1336,0.1262,DRI
2018-02-28 00:00:00,7880600000.0,6182600000.0,1697999500.0,687600000.0,706999800.0,,-159400000.0,159400000.0,547600000.0,-6200000.0,553800000.0,545300000.0,4.39,0.2155,0.0897,0.0695,0.0692,0.0729,1010799700.0,707000000.0,4.39,-0.0828,4.3898,-0.0684,4.46,553800000.0,-8500000.0,545300000.0,0.1283,0.1226,DRI
2017-11-30 00:00:00,7630900000.0,5975700000.0,1655199600.0,660400000.0,703099700.0,,-51300000.0,51300000.0,651800000.0,150200000.0,501600000.0,493100000.0,3.96,0.2169,0.0921,0.0854,0.0646,0.0738,995799500.0,703099900.0,3.97,-0.0784,3.9621,-0.0684,4.03,501600000.0,-8500000.0,493100000.0,0.1305,0.1227,DRI
2017-08-31 00:00:00,7391900000.0,5780400000.0,1611499600.0,640000000.0,690699800.0,,-45300000.0,45300000.0,645400000.0,152700000.0,492700000.0,487900000.0,3.92,0.218,0.0934,0.0873,0.066,0.0782,972599600.0,690700000.0,3.9,-0.04,3.9226,-0.04,3.96,492700000.0,-4800000.0,487900000.0,0.1316,0.1248,DRI
2017-05-31 00:00:00,7170200000.0,5600800000.0,1569399800.0,627400000.0,677499800.0,,-40200000.0,40200000.0,637300000.0,154800000.0,482500000.0,479100000.0,3.85,0.2189,0.0945,0.0889,0.0668,0.0846,950399700.0,677500000.0,3.83,-0.03,3.8544,-0.03,3.88,482500000.0,-3400000.0,479100000.0,0.1325,0.1278,DRI
2017-02-28 00:00:00,7025800000.0,5486700000.0,1539100000.0,583900100.0,692399900.0,,-38400000.0,38400000.0,654000000.0,156500000.0,497500000.0,494900000.0,3.96,0.2191,0.0986,0.0931,0.0704,0.0908,962599900.0,692400000.0,3.92,-0.0372,3.9614,-0.0316,3.98,497500000.0,-2600000.0,494900000.0,0.137,0.1316,DRI
2016-11-30 00:00:00,6994600000.0,5462000000.0,1532600100.0,588000100.0,684100100.0,,-112200000.0,112200000.0,571900000.0,132500000.0,439400000.0,435100000.0,3.46,0.2191,0.0978,0.0818,0.0622,0.0953,953500100.0,684100200.0,3.44,0.0684,3.4562,-0.0416,3.49,439400000.0,-4300000.0,435100000.0,0.1363,0.1321,DRI
2016-08-31 00:00:00,6960900000.0,5424400000.0,1536500100.0,611600100.0,649300200.0,,-160000000.0,160000000.0,489300000.0,99500000.0,389800000.0,398800000.0,3.15,0.2207,0.0933,0.0703,0.0573,0.115,927300200.0,649300300.0,3.03,0.11,3.1476,0.07,3.07,389800000.0,9000000.0,398800000.0,0.1332,0.1229,DRI
2016-05-31 00:00:00,6933500000.0,5392400000.0,1541099900.0,622900100.0,622200200.0,,-172500000.0,172500000.0,449700000.0,90000000.0,359700000.0,375000000.0,2.95,0.2223,0.0897,0.0649,0.0541,0.1289,916000000.0,622200300.0,2.78,,2.9435,0.12,2.82,359700000.0,15300000.0,375000000.0,0.1321,0.1183,DRI
2016-02-29 00:00:00,7021600000.0,5457000000.0,1564599900.0,653800000.0,587600100.0,,-186800000.0,186800000.0,400800000.0,63400000.0,337400000.0,340700000.0,2.68,0.2228,0.0837,0.0571,0.0485,0.1441,897199900.0,587600100.0,2.58,0.11,2.7773,0.18,2.61,337400000.0,3300000.0,340700000.0,0.1278,0.1304,DRI
2015-11-30 00:00:00,6905000000.0,5383800000.0,1521199900.0,645700000.0,536800000.0,,-127000000.0,127000000.0,409800000.0,52200000.0,357600000.0,368700000.0,2.92,0.2203,0.0777,0.0593,0.0534,0.1402,860499900.0,536800000.0,2.75,0.17,3.0219,0.24,2.79,357600000.0,11100000.0,368700000.0,0.1246,0.1256,DRI
2015-08-31 00:00:00,6855200000.0,5369600000.0,1485599900.0,676300000.0,434200000.0,,-103400000.0,103400000.0,330800000.0,34100000.0,296700000.0,292700000.0,2.32,0.2167,0.0633,0.0483,0.0427,0.1222,763299900.0,434200000.0,2.28,0.05,2.4278,0.11,2.32,296700000.0,-4000000.0,292700000.0,0.1113,0.1364,DRI
2015-05-31 00:00:00,6764000000.0,5341500000.0,1422500100.0,673500000.0,367600100.0,,-192300000.0,192300000.0,175300000.0,-21100000.0,196400000.0,709500000.0,1.49,0.2103,0.0543,0.0259,0.1049,0.0931,695500100.0,367600100.0,1.51,3.96,5.556,4.02,1.54,196400000.0,513100000.0,709500000.0,0.1028,0.1293,DRI
2015-02-28 00:00:00,6535700000.0,5210700000.0,1325000100.0,659400000.0,285300500.0,,-202600000.0,203800000.0,82700000.0,-44000000.0,126700000.0,690700000.0,1.32,0.2027,0.0437,0.0127,0.1057,0.0498,612300500.0,285300400.0,0.99,4.26,5.2818,4.25,1.02,126700000.0,564000000.0,690700000.0,0.0937,0.0926,DRI
2014-11-30 00:00:00,6423300000.0,5134200000.0,1289100100.0,675800000.0,237100600.0,,-212400000.0,213600000.0,24700000.0,-60200000.0,84900000.0,666600000.0,1.09,0.2007,0.0369,0.0038,0.1038,0.0314,562500600.0,237100500.0,0.63,4.39,5.0435,4.39,0.65,84900000.0,581700000.0,666600000.0,0.0876,0.0834,DRI
2014-08-31 00:00:00,6349900000.0,5065000000.0,1284900100.0,659700000.0,292900500.0,,-211800000.0,212800000.0,81100000.0,-40600000.0,121700000.0,719200000.0,1.5,0.2023,0.0461,0.0128,0.1133,0.0215,615200500.0,292900400.0,0.92,4.51,5.452,4.51,0.94,121700000.0,597500000.0,719200000.0,0.0969,0.0803,DRI
2014-05-31 00:00:00,6285600000.0,4990500000.0,1295100000.0,665400000.0,308900500.0,,-134300000.0,134300000.0,174600000.0,-8600000.0,183200000.0,286200000.0,2.19,0.206,0.0491,0.0278,0.0455,0.0231,627100500.0,308900400.0,1.38,0.77,2.1848,0.78,1.4,183200000.0,103000000.0,286200000.0,0.0998,0.0884,DRI
2014-02-28 00:00:00,6228000000.0,4917800000.0,1310200000.0,654700000.0,357000100.0,,-133200000.0,132000000.0,223800000.0,10500000.0,213300000.0,332900000.0,2.56,0.2104,0.0573,0.0359,0.0535,0.0134,582500200.0,357000100.0,1.61,0.9,2.5525,0.93,1.63,213300000.0,119600000.0,332900000.0,0.0935,0.066,DRI
2013-11-30 00:00:00,6867700000.0,5404300000.0,1463400000.0,700300000.0,439900200.0,,-132000000.0,130800000.0,307900000.0,46700000.0,261200000.0,357600000.0,2.76,0.2131,0.0641,0.0448,0.0521,0.0228,690400300.0,439900200.0,1.98,0.7292,2.7564,0.7492,2.01,261200000.0,96400000.0,357600000.0,0.1005,0.0793,DRI
2013-08-31 00:00:00,7342100000.0,5772500000.0,1569600000.0,741700000.0,481000300.0,,-131800000.0,130800000.0,349200000.0,60300000.0,288900000.0,371400000.0,2.87,0.2138,0.0655,0.0476,0.0506,-0.0021,755000400.0,481000300.0,2.19,0.6284,2.8657,0.6484,2.22,288900000.0,82500000.0,371400000.0,0.1028,0.0631,DRI
2013-05-31 00:00:00,7845400000.0,6114200000.0,1731200000.0,794300000.0,571600300.0,,-125900000.0,125900000.0,445700000.0,88000000.0,357700000.0,412000000.0,3.19,0.2207,0.0729,0.0568,0.0525,0.0108,862900400.0,571600300.0,2.72,0.4169,3.1914,0.4184,2.77,357700000.0,54300000.0,412000000.0,0.11,0.0758,DRI
2013-02-28 00:00:00,8318600000.0,6439600000.0,1879000000.0,812800000.0,683100300.0,,-119800000.0,119800000.0,563300000.0,132500000.0,430800000.0,430000000.0,3.34,0.2259,0.0821,0.0677,0.0517,0.0192,970000400.0,683100300.0,3.28,-0.0061,3.3419,-0.0147,3.35,430800000.0,-800000.0,430000000.0,0.1166,0.0785,DRI
2012-11-30 00:00:00,8220100000.0,6314600000.0,1905499900.0,811000000.0,723500100.0,,-115600000.0,115600000.0,607900000.0,147500000.0,460400000.0,459700000.0,3.58,0.2318,0.088,0.074,0.0559,-0.0035,996900200.0,723500100.0,3.51,-0.0053,3.5845,-0.0139,3.59,460400000.0,-700000.0,459700000.0,0.1213,0.095,DRI
