Date,Revenue,Cost of Revenue,Gross Profit,SG&A Expenses,Operating Income,Interest Expense (Operating),Non-operating Income/Expense,Non-operating Interest Expenses,EBT,Income Tax Provision,Income after Tax,Net Income Common,EPS (Basic),Gross Margin,EBIT Margin,EBT margin,Net Profit Margin,Free Cash Flow Margin,EBITDA,EBIT,"EPS (Diluted, from Cont. Ops)","EPS (Diluted, from Disc. Ops)","EPS (Basic, Consolidated)","EPS (Basic, from Discontinued Ops)","EPS (Basic, from Continuous Ops)",Income from Continuous Operations,Income from Discontinued Operations,Consolidated Net Income/Loss,EBITDA Margin,Operating Cash Flow Margin,Ticker
2022-09-30 00:00:00,28023000000.0,20577000000.0,7446000000.0,7659000000.0,5783000000.0,2407000000.0,661000000.0,1831000000.0,3920000000.0,173000000.0,3747000000.0,3826000000.0,4.97,0.2657,0.2064,0.1399,0.1365,-0.1614,11259000000.0,5783000000.0,4.9965,0.06,4.9064,0.06,4.9965,3747000000.0,42000000.0,3747000000.0,0.4018,0.2231,DUK
2022-06-30 00:00:00,27006000000.0,19692000000.0,7314000000.0,7765000000.0,5446000000.0,2367000000.0,1028000000.0,1791000000.0,3768000000.0,135000000.0,3633000000.0,3809000000.0,4.95,0.2708,0.2017,0.1395,0.141,-0.0646,11035000000.0,5446000000.0,5.0065,,4.7306,,5.0065,3633000000.0,,3633000000.0,0.4086,0.313,DUK
2022-03-31 00:00:00,26079000000.0,16276000000.0,9803000000.0,7698000000.0,5202000000.0,2332000000.0,479000000.0,1756000000.0,3545000000.0,94000000.0,3451000000.0,3667000000.0,4.75,0.3759,0.1995,0.1359,0.1406,-0.0788,10874000000.0,5202000000.0,4.7713,,4.4954,,4.7713,3451000000.0,,3451000000.0,0.417,0.3066,DUK
2021-12-31 00:00:00,25097000000.0,12747000000.0,12350000000.0,7431000000.0,5373000000.0,2280000000.0,-252000000.0,1704000000.0,3764000000.0,192000000.0,3572000000.0,3802000000.0,4.94,0.4921,0.2141,0.15,0.1515,-0.0568,10897000000.0,5373000000.0,4.9301,,4.6542,,4.9301,3572000000.0,,3572000000.0,0.4342,0.3303,DUK
2021-09-30 00:00:00,24636000000.0,9471000000.0,15165000000.0,7372000000.0,4380000000.0,2223000000.0,-795000000.0,2223000000.0,2806000000.0,48000000.0,2758000000.0,3005000000.0,3.87,0.6156,0.1778,0.1139,0.122,-0.011,10005000000.0,4380000000.0,3.9569,,3.581,,3.9536,2758000000.0,,2765000000.0,0.4061,0.3782,DUK
2021-06-30 00:00:00,24406000000.0,6670000000.0,17736000000.0,7268000000.0,4507000000.0,2164000000.0,-1728000000.0,2164000000.0,2779000000.0,63000000.0,2716000000.0,2904000000.0,3.83,0.7267,0.1847,0.1139,0.119,-0.0028,10095000000.0,4507000000.0,3.8458,,3.6006,,3.8425,2716000000.0,,2723000000.0,0.4136,0.384,DUK
2021-03-31 00:00:00,24069000000.0,6584000000.0,17485000000.0,7196000000.0,4515000000.0,2146000000.0,-3678000000.0,2146000000.0,837000000.0,-289000000.0,1126000000.0,1324000000.0,1.74,0.7265,0.1876,0.0348,0.055,0.0042,10085000000.0,4515000000.0,1.7245,,1.4793,,1.7212,1126000000.0,,1133000000.0,0.419,0.3901,DUK
2020-12-31 00:00:00,23868000000.0,6511000000.0,17357000000.0,7125000000.0,4553000000.0,2162000000.0,-3714000000.0,2162000000.0,839000000.0,-236000000.0,1075000000.0,1270000000.0,1.73,0.7272,0.1908,0.0352,0.0532,-0.044,10039000000.0,4553000000.0,1.71,,1.4681,,1.71,1075000000.0,,1082000000.0,0.4206,0.371,DUK
2020-09-30 00:00:00,24194000000.0,6718000000.0,17476000000.0,7169000000.0,5588000000.0,2174000000.0,-3721000000.0,2174000000.0,1867000000.0,21000000.0,1846000000.0,1995000000.0,2.74,0.7223,0.231,0.0772,0.0825,-0.0458,11014000000.0,5588000000.0,2.6739,,2.5057,,2.6772,1846000000.0,,1839000000.0,0.4552,0.386,DUK
2020-06-30 00:00:00,24413000000.0,6854000000.0,17559000000.0,7214000000.0,5703000000.0,,-3664000000.0,2224000000.0,2039000000.0,104000000.0,1935000000.0,2057000000.0,2.82,0.7192,0.2336,0.0835,0.0843,-0.0922,11047000000.0,5703000000.0,2.8098,,2.6416,,2.8131,1935000000.0,,1928000000.0,0.4525,0.3486,DUK
2020-03-31 00:00:00,24865000000.0,7163000000.0,17702000000.0,7295000000.0,5824000000.0,,-1688000000.0,2212000000.0,4136000000.0,561000000.0,3575000000.0,3706000000.0,5.07,0.7119,0.2342,0.1663,0.149,-0.1164,11063000000.0,5824000000.0,5.0509,,4.8827,,5.0542,3575000000.0,,3568000000.0,0.4449,0.3428,DUK
2019-12-31 00:00:00,25079000000.0,7453000000.0,17626000000.0,7373000000.0,5709000000.0,,-1612000000.0,2204000000.0,4097000000.0,519000000.0,3578000000.0,3707000000.0,5.07,0.7028,0.2276,0.1634,0.1478,-0.1162,10885000000.0,5709000000.0,5.07,,4.8985,,5.07,3578000000.0,,3571000000.0,0.434,0.3273,DUK
2019-09-30 00:00:00,25091000000.0,7566000000.0,17525000000.0,7546000000.0,5471000000.0,,-1650000000.0,2201000000.0,3821000000.0,423000000.0,3398000000.0,3511000000.0,4.83,0.6985,0.218,0.1523,0.1399,-0.1421,10551000000.0,5471000000.0,4.6833,,4.7086,,4.6833,3398000000.0,,3418000000.0,0.4205,0.2852,DUK
2019-06-30 00:00:00,24779000000.0,7529000000.0,17250000000.0,7634000000.0,5121000000.0,,-1581000000.0,2146000000.0,3540000000.0,403000000.0,3137000000.0,3266000000.0,4.52,0.6962,0.2067,0.1429,0.1318,-0.1428,10050000000.0,5121000000.0,4.3785,,4.3889,,4.3785,3137000000.0,,3161000000.0,0.4056,0.2801,DUK
2019-03-31 00:00:00,24549000000.0,7475000000.0,17074000000.0,7725000000.0,4802000000.0,,-1544000000.0,2122000000.0,3258000000.0,362000000.0,2896000000.0,2946000000.0,4.11,0.6955,0.1956,0.1327,0.12,-0.1142,9647000000.0,4802000000.0,4.071,,4.0755,,4.071,2896000000.0,,2915000000.0,0.393,0.2865,DUK
2018-12-31 00:00:00,24521000000.0,7528000000.0,16993000000.0,7743000000.0,4685000000.0,,-1612000000.0,2094000000.0,3073000000.0,448000000.0,2625000000.0,2666000000.0,3.75,0.693,0.1911,0.1253,0.1087,-0.0898,9381000000.0,4685000000.0,3.73,0.0257,3.7345,0.0257,3.73,2625000000.0,17000000.0,2644000000.0,0.3826,0.2931,DUK
2018-09-30 00:00:00,24205000000.0,7368000000.0,16837000000.0,7414000000.0,5023000000.0,,-1517000000.0,2061000000.0,3506000000.0,610000000.0,2896000000.0,2905000000.0,4.1,0.6956,0.2075,0.1448,0.12,-0.0682,9526000000.0,5023000000.0,4.123,-0.0116,4.1008,-0.0116,4.123,2896000000.0,-5000000.0,2893000000.0,0.3936,0.3021,DUK
2018-06-30 00:00:00,24059000000.0,7310000000.0,16749000000.0,7296000000.0,5105000000.0,,-1508000000.0,2042000000.0,3597000000.0,806000000.0,2791000000.0,2777000000.0,3.95,0.6962,0.2122,0.1495,0.1154,-0.0569,9448000000.0,5105000000.0,3.973,-0.0201,3.97,-0.0201,3.973,2791000000.0,-11000000.0,2782000000.0,0.3927,0.2962,DUK
2018-03-31 00:00:00,23971000000.0,7264000000.0,16707000000.0,7185000000.0,5479000000.0,,-1471000000.0,2010000000.0,4008000000.0,1033000000.0,2975000000.0,2963000000.0,4.22,0.697,0.2286,0.1672,0.1236,-0.0505,9623000000.0,5479000000.0,4.233,,4.2402,,4.233,2975000000.0,,2969000000.0,0.4014,0.2824,DUK
2017-12-31 00:00:00,23565000000.0,6982000000.0,16583000000.0,7177000000.0,5625000000.0,,-1359000000.0,1986000000.0,4266000000.0,1196000000.0,3070000000.0,3059000000.0,4.36,0.7037,0.2387,0.181,0.1298,-0.0606,9671000000.0,5625000000.0,4.37,-0.8901,4.3772,-0.8901,4.37,3070000000.0,-604000000.0,3064000000.0,0.4104,0.2811,DUK
2017-09-30 00:00:00,23343000000.0,6941000000.0,16402000000.0,7561000000.0,5165000000.0,,-1253000000.0,1960000000.0,3912000000.0,1171000000.0,2741000000.0,2129000000.0,3.03,0.7027,0.2213,0.1676,0.0912,-0.0968,9188000000.0,5165000000.0,3.9043,-0.6258,3.0416,-0.6258,3.9043,2741000000.0,-422000000.0,2139000000.0,0.3936,0.2669,DUK
2017-06-30 00:00:00,23437000000.0,7047000000.0,16390000000.0,7534000000.0,5458000000.0,,-1351000000.0,1926000000.0,4107000000.0,1322000000.0,2785000000.0,2351000000.0,3.38,0.6993,0.2329,0.1752,0.1003,-0.0854,9423000000.0,5458000000.0,3.9843,-0.7829,3.3914,-0.7829,3.9843,2785000000.0,-532000000.0,2365000000.0,0.4021,0.2747,DUK
2017-03-31 00:00:00,23095000000.0,6960000000.0,16135000000.0,7427000000.0,5364000000.0,,-1398000000.0,1918000000.0,3966000000.0,1248000000.0,2718000000.0,2174000000.0,3.14,0.6986,0.2323,0.1717,0.0941,-0.0861,9304000000.0,5364000000.0,3.9043,,3.1502,,3.9043,2718000000.0,,2188000000.0,0.4029,0.2783,DUK
2016-12-31 00:00:00,22743000000.0,6890000000.0,15853000000.0,7366000000.0,5202000000.0,,-1468000000.0,1916000000.0,3734000000.0,1156000000.0,2578000000.0,2152000000.0,3.13,0.697,0.2287,0.1642,0.0946,-0.0456,9082000000.0,5202000000.0,3.71,-0.6,3.1404,-0.6,3.71,2578000000.0,-408000000.0,2170000000.0,0.3993,0.3018,DUK
2016-09-30 00:00:00,21400000000.0,6484000000.0,14916000000.0,6672000000.0,5141000000.0,,-1447000000.0,1750000000.0,3694000000.0,1158000000.0,2536000000.0,2856000000.0,4.15,0.697,0.2402,0.1726,0.1335,-0.0215,8921000000.0,5141000000.0,3.65,0.5,4.1769,0.5,3.65,2536000000.0,338000000.0,2874000000.0,0.4169,0.3231,DUK
2016-06-30 00:00:00,21307000000.0,6642000000.0,14665000000.0,6629000000.0,4875000000.0,,-1337000000.0,1688000000.0,3538000000.0,1063000000.0,2475000000.0,2612000000.0,3.79,0.6883,0.2288,0.166,0.1226,-0.0024,8572000000.0,4875000000.0,3.57,0.23,3.8218,0.23,3.57,2475000000.0,153000000.0,2628000000.0,0.4023,0.3307,DUK
2016-03-31 00:00:00,21683000000.0,6977000000.0,14706000000.0,6689000000.0,4862000000.0,,-1263000000.0,1613000000.0,3599000000.0,1144000000.0,2455000000.0,2646000000.0,3.83,0.6782,0.2242,0.166,0.122,-0.002,8523000000.0,4862000000.0,3.54,0.3,3.8692,0.3,3.54,2455000000.0,208000000.0,2663000000.0,0.3931,0.3202,DUK
2015-12-31 00:00:00,22371000000.0,7496000000.0,14875000000.0,6668000000.0,5078000000.0,,-1168000000.0,1527000000.0,3910000000.0,1256000000.0,2654000000.0,2816000000.0,4.04,0.6649,0.227,0.1748,0.1259,-0.003,8691000000.0,5078000000.0,3.8,0.25,4.0793,0.25,3.8,2654000000.0,177000000.0,2831000000.0,0.3885,0.2995,DUK
2015-09-30 00:00:00,22280000000.0,7602000000.0,14678000000.0,6630000000.0,4962000000.0,,-1209000000.0,1525000000.0,3753000000.0,1262000000.0,2491000000.0,2436000000.0,3.49,0.6588,0.2227,0.1684,0.1093,0.0244,8508000000.0,4962000000.0,3.58,-0.09,3.5157,-0.09,3.58,2491000000.0,-42000000.0,2449000000.0,0.3819,0.3059,DUK
2015-06-30 00:00:00,22192000000.0,7714000000.0,14478000000.0,6595000000.0,4893000000.0,,-1149000000.0,1528000000.0,3744000000.0,1302000000.0,2442000000.0,2778000000.0,3.94,0.6524,0.2205,0.1687,0.1252,0.0378,8436000000.0,4893000000.0,3.47,0.47,3.9516,0.47,3.47,2442000000.0,341000000.0,2783000000.0,0.3801,0.3085,DUK
2015-03-31 00:00:00,22311000000.0,7821000000.0,14490000000.0,6601000000.0,4936000000.0,,-1122000000.0,1528000000.0,3814000000.0,1250000000.0,2564000000.0,2844000000.0,4.02,0.6495,0.2212,0.1709,0.1275,0.0482,8442000000.0,4936000000.0,3.62,0.4,4.0281,0.4,3.62,2564000000.0,285000000.0,2849000000.0,0.3784,0.2982,DUK
2014-12-31 00:00:00,22509000000.0,7917000000.0,14592000000.0,6710000000.0,4842000000.0,,-1079000000.0,1529000000.0,3763000000.0,1225000000.0,2538000000.0,1883000000.0,2.66,0.6483,0.2151,0.1672,0.0837,0.0534,8349000000.0,4842000000.0,3.58,-0.92,2.6718,-0.92,3.58,2538000000.0,-649000000.0,1889000000.0,0.3709,0.2926,DUK
2014-09-30 00:00:00,23128000000.0,7813000000.0,15315000000.0,6825000000.0,5428000000.0,,-1028000000.0,1629000000.0,4400000000.0,1368000000.0,3032000000.0,2474000000.0,3.49,0.6622,0.2347,0.1902,0.107,0.0489,8933000000.0,5428000000.0,4.25,-0.7558,3.5091,-0.7558,4.26,3032000000.0,-551000000.0,2481000000.0,0.3862,0.2836,DUK
2014-06-30 00:00:00,22950000000.0,7667000000.0,15283000000.0,6862000000.0,5469000000.0,,-1051000000.0,1602000000.0,4418000000.0,1331000000.0,3087000000.0,2204000000.0,3.11,0.6659,0.2383,0.1925,0.096,0.0396,8902000000.0,5469000000.0,4.33,-1.2158,3.142,-1.2158,4.34,3087000000.0,-867000000.0,2220000000.0,0.3879,0.2683,DUK
2014-03-31 00:00:00,23121000000.0,7863000000.0,15258000000.0,6982000000.0,5001000000.0,,-1081000000.0,1580000000.0,3920000000.0,1214000000.0,2706000000.0,1934000000.0,2.73,0.6599,0.2163,0.1695,0.0836,0.0555,8352000000.0,5001000000.0,3.79,-1.06,2.7594,-1.06,3.8,2706000000.0,-757000000.0,1949000000.0,0.3612,0.2882,DUK
2013-12-31 00:00:00,22756000000.0,7872000000.0,14884000000.0,6947000000.0,4854000000.0,,-1059000000.0,1543000000.0,3795000000.0,1205000000.0,2590000000.0,2665000000.0,3.76,0.6541,0.2133,0.1668,0.1171,0.0376,8083000000.0,4854000000.0,3.63,0.4122,3.7904,0.4122,3.64,2590000000.0,252000000.0,2676000000.0,0.3552,0.2805,DUK
2013-09-30 00:00:00,21977000000.0,7678000000.0,14299000000.0,7121000000.0,4248000000.0,,-1076000000.0,1513000000.0,3172000000.0,976000000.0,2196000000.0,2412000000.0,3.41,0.6506,0.1933,0.1443,0.1098,0.0342,7400000000.0,4248000000.0,2.99,0.378,3.3856,0.378,2.99,2196000000.0,229000000.0,2421000000.0,0.3367,0.2846,DUK
2013-06-30 00:00:00,22482000000.0,8263000000.0,14219000000.0,7380000000.0,3666000000.0,,-1021000000.0,1536000000.0,2645000000.0,801000000.0,1844000000.0,2002000000.0,2.84,0.6325,0.1631,0.1176,0.089,0.0058,6785000000.0,3666000000.0,2.5,0.2858,2.8133,0.2858,2.5,1844000000.0,166000000.0,2011000000.0,0.3018,0.2707,DUK
2013-03-31 00:00:00,20180000000.0,7382000000.0,12798000000.0,6586000000.0,3631000000.0,,-833000000.0,1387000000.0,2798000000.0,850000000.0,1948000000.0,2107000000.0,3.35,0.6342,0.1799,0.1387,0.1044,-0.0212,6501000000.0,3631000000.0,3.01,,3.3334,,3.01,1948000000.0,,2117000000.0,0.3222,0.2707,DUK
2012-12-31 00:00:00,17912000000.0,6448000000.0,11464000000.0,5752000000.0,2911000000.0,,-677000000.0,1244000000.0,2234000000.0,623000000.0,1611000000.0,1768000000.0,2.68,0.64,0.1625,0.1247,0.0987,-0.0143,5563000000.0,2911000000.0,2.77,0.3,3.1045,0.3,2.77,1611000000.0,171000000.0,1782000000.0,0.3106,0.2928,DUK
