Date,Revenue,Cost of Revenue,Gross Profit,SG&A Expenses,Operating Income,Interest Expense (Operating),Non-operating Income/Expense,Non-operating Interest Expenses,EBT,Income Tax Provision,Income after Tax,Net Income Common,EPS (Basic),Gross Margin,EBIT Margin,EBT margin,Net Profit Margin,Free Cash Flow Margin,EBITDA,EBIT,"EPS (Diluted, from Cont. Ops)","EPS (Diluted, from Disc. Ops)","EPS (Basic, Consolidated)","EPS (Basic, from Discontinued Ops)","EPS (Basic, from Continuous Ops)",Income from Continuous Operations,Income from Discontinued Operations,Consolidated Net Income/Loss,EBITDA Margin,Operating Cash Flow Margin,Ticker
2022-09-30 00:00:00,19143000000.0,2687000000.0,16456000000.0,6419000000.0,8213000000.0,344000000.0,-1760000000.0,23000000.0,7884000000.0,1539000000.0,6345000000.0,6320000000.0,9.55,0.8596,0.429,0.4118,0.3301,0.1814,10359000000.0,8213000000.0,9.5757,,9.6709,,9.5979,6345000000.0,,6345000000.0,0.5411,0.4303,DVN
2022-06-30 00:00:00,17177000000.0,2507000000.0,14670000000.0,6078000000.0,6712000000.0,345000000.0,-1215000000.0,5000000.0,6383000000.0,1094000000.0,5289000000.0,5265000000.0,7.9,0.854,0.3908,0.3716,0.3065,0.3256,8856000000.0,6712000000.0,7.9224,,8.0168,,7.9438,5289000000.0,,5289000000.0,0.5156,0.4513,DVN
2022-03-31 00:00:00,13968000000.0,2291000000.0,11677000000.0,5349000000.0,4521000000.0,349000000.0,-834000000.0,8000000.0,4192000000.0,580000000.0,3612000000.0,3589000000.0,5.34,0.836,0.3237,0.3001,0.2569,0.3004,6675000000.0,4521000000.0,5.3704,,5.457,,5.384,3612000000.0,,3612000000.0,0.4779,0.4404,DVN
2021-12-31 00:00:00,12206000000.0,2131000000.0,10075000000.0,4872000000.0,3227000000.0,361000000.0,-709000000.0,,2898000000.0,65000000.0,2833000000.0,2813000000.0,4.19,0.8254,0.2644,0.2374,0.2305,0.2434,5358000000.0,3227000000.0,4.19,,4.273,,4.2,2833000000.0,,2833000000.0,0.439,0.4014,DVN
2021-09-30 00:00:00,9213000000.0,1797000000.0,7416000000.0,4211000000.0,1330000000.0,345000000.0,16000000.0,9000000.0,1126000000.0,-122000000.0,1248000000.0,1205000000.0,1.68,0.8049,0.1444,0.1222,0.1308,0.2199,3199000000.0,1330000000.0,1.7492,,1.7051,,1.755,1248000000.0,,1223000000.0,0.3472,0.3981,DVN
2021-06-30 00:00:00,6814000000.0,1513000000.0,5301000000.0,3418000000.0,239000000.0,329000000.0,339000000.0,,-31000000.0,-332000000.0,301000000.0,275000000.0,0.19,0.778,0.0351,-0.0045,0.0404,0.1626,1844000000.0,239000000.0,0.2162,,0.2197,,0.2183,301000000.0,,289000000.0,0.2706,0.3625,DVN
2021-03-31 00:00:00,4791000000.0,1263000000.0,3528000000.0,2766000000.0,-745000000.0,310000000.0,836000000.0,13000000.0,-1015000000.0,-378000000.0,-637000000.0,-651000000.0,-1.97,0.7364,-0.1555,-0.2119,-0.1359,0.066,638000000.0,-745000000.0,-1.9682,,-1.9377,,-1.9672,-637000000.0,,-640000000.0,0.1332,0.3187,DVN
2020-12-31 00:00:00,4828000000.0,1123000000.0,3705000000.0,2485000000.0,-2820000000.0,282000000.0,2405000000.0,,-3090000000.0,-547000000.0,-2543000000.0,-2680000000.0,-7.12,0.7674,-0.5841,-0.64,-0.5551,0.0698,-1488000000.0,-2820000000.0,-6.78,-0.34,-7.0848,-0.34,-6.78,-2543000000.0,-128000000.0,-2671000000.0,-0.3082,0.3032,DVN
2020-09-30 00:00:00,5137000000.0,1176000000.0,3961000000.0,2569000000.0,-2745000000.0,276000000.0,2419000000.0,140000000.0,-3001000000.0,-543000000.0,-2458000000.0,-3220000000.0,-8.55,0.7711,-0.5344,-0.5842,-0.6268,0.0788,-1332000000.0,-2745000000.0,-6.6,-1.86,-8.4529,-1.87,-6.6,-2458000000.0,-755000000.0,-3213000000.0,-0.2593,0.328,DVN
2020-06-30 00:00:00,5816000000.0,1199000000.0,4617000000.0,2807000000.0,-2368000000.0,,2425000000.0,245000000.0,-2618000000.0,-399000000.0,-2219000000.0,-3019000000.0,-8.03,0.7938,-0.4072,-0.4501,-0.5191,0.0438,-873000000.0,-2368000000.0,-5.97,-1.97,-7.9361,-1.98,-5.97,-2219000000.0,-795000000.0,-3014000000.0,-0.1501,0.3188,DVN
2020-03-31 00:00:00,7228000000.0,1232000000.0,5996000000.0,3213000000.0,-1469000000.0,,1772000000.0,342000000.0,-1719000000.0,-328000000.0,-1391000000.0,-1854000000.0,-5.05,0.8296,-0.2032,-0.2378,-0.2565,0.0517,101000000.0,-1469000000.0,-3.8,-1.17,-4.9539,-1.17,-3.8,-1391000000.0,-460000000.0,-1851000000.0,0.014,0.2954,DVN
2019-12-31 00:00:00,6220000000.0,1197000000.0,5023000000.0,3413000000.0,141000000.0,,-448000000.0,,-109000000.0,-30000000.0,-79000000.0,-355000000.0,-0.97,0.8076,0.0227,-0.0175,-0.0571,0.0791,1671000000.0,141000000.0,-0.21,-0.68,-0.8803,-0.68,-0.21,-79000000.0,-274000000.0,-353000000.0,0.2686,0.3285,DVN
2019-09-30 00:00:00,7251000000.0,660000000.0,6591000000.0,4355000000.0,1204000000.0,,-326000000.0,,1599000000.0,425000000.0,1174000000.0,1436000000.0,3.23,0.909,0.166,0.2205,0.198,-0.0385,2583000000.0,1204000000.0,2.3,0.59,2.9451,0.6,2.31,1174000000.0,262000000.0,1436000000.0,0.3562,0.2107,DVN
2019-06-30 00:00:00,7661000000.0,783000000.0,6878000000.0,4893000000.0,1007000000.0,,,,1394000000.0,200000000.0,1194000000.0,3864000000.0,8.13,0.8978,0.1314,0.182,0.5044,-0.0354,2348000000.0,1007000000.0,2.28,5.48,7.9407,5.52,2.29,1194000000.0,2696000000.0,3890000000.0,0.3065,0.1948,DVN
2019-03-31 00:00:00,7777000000.0,893000000.0,6884000000.0,5348000000.0,305000000.0,,-653000000.0,,692000000.0,145000000.0,547000000.0,2944000000.0,6.1,0.8852,0.0392,0.089,0.3786,0.0275,1514000000.0,305000000.0,0.94,4.8,6.0799,4.83,0.95,547000000.0,2513000000.0,3060000000.0,0.1947,0.1813,DVN
2018-12-31 00:00:00,8896000000.0,1153000000.0,7743000000.0,5475000000.0,944000000.0,,-691000000.0,,944000000.0,230000000.0,714000000.0,3064000000.0,6.46,0.8704,0.1061,0.1061,0.3444,-0.0037,2199000000.0,944000000.0,1.42,4.68,6.5264,4.71,1.43,714000000.0,2510000000.0,3224000000.0,0.2472,0.1779,DVN
2018-09-30 00:00:00,5128000000.0,797000000.0,4331000000.0,3865000000.0,-876000000.0,,-574000000.0,,-1442000000.0,-201000000.0,-1241000000.0,2098000000.0,4.31,0.8446,-0.1708,-0.2812,0.4091,-0.0244,-11000000.0,-876000000.0,-2.3773,6.5856,4.9124,6.6254,-2.3808,-1241000000.0,3620000000.0,2379000000.0,-0.0021,0.2157,DVN
2018-06-30 00:00:00,4905000000.0,828000000.0,4077000000.0,3549000000.0,-714000000.0,,,,-1220000000.0,-17000000.0,-1203000000.0,-246000000.0,-0.43,0.8312,-0.1456,-0.2487,-0.0502,0.0139,185000000.0,-714000000.0,-2.3273,1.8,0.0464,1.81,-2.3308,-1203000000.0,1231000000.0,28000000.0,0.0377,0.2135,DVN
2018-03-31 00:00:00,5148000000.0,877000000.0,4271000000.0,3231000000.0,53000000.0,,-583000000.0,,-530000000.0,-35000000.0,-495000000.0,398000000.0,1.21,0.8296,0.0103,-0.103,0.0773,-0.0099,951000000.0,53000000.0,-0.9573,1.67,1.1681,1.68,-0.9608,-495000000.0,1103000000.0,608000000.0,0.1847,0.215,DVN
2017-12-31 00:00:00,6501000000.0,791000000.0,5710000000.0,4204000000.0,361000000.0,,-321000000.0,,40000000.0,7000000.0,33000000.0,898000000.0,2.67,0.8783,0.0555,0.0062,0.1381,0.0083,1396000000.0,361000000.0,0.06,1.65,2.0731,1.66,0.06,33000000.0,1024000000.0,1078000000.0,0.2147,0.1912,DVN
2017-09-30 00:00:00,5555000000.0,,4195000000.0,3276000000.0,4765000000.0,,-207000000.0,,4558000000.0,385000000.0,4173000000.0,3293000000.0,2.95,0.7552,0.8578,0.8205,0.5928,0.1548,6140000000.0,4765000000.0,8.6383,-0.0056,7.0038,-0.0054,8.6306,4173000000.0,16000000.0,3340000000.0,1.1053,0.2256,DVN
2017-06-30 00:00:00,7855000000.0,,6943000000.0,4306000000.0,6015000000.0,,-486000000.0,,5529000000.0,543000000.0,4986000000.0,4093000000.0,4.42,0.8839,0.7658,0.7039,0.5211,0.5358,7418000000.0,6015000000.0,10.2011,0.0049,8.5401,0.0149,10.2046,4986000000.0,-4000000.0,4135000000.0,0.9444,0.1883,DVN
2017-03-31 00:00:00,8178000000.0,,7721000000.0,5252000000.0,4234000000.0,,-657000000.0,424000000.0,3577000000.0,366000000.0,3211000000.0,2303000000.0,0.57,0.9441,0.5177,0.4374,0.2816,0.4792,5892000000.0,4234000000.0,6.7837,,5.0515,,6.7872,3211000000.0,,2327000000.0,0.7205,0.173,DVN
2016-12-31 00:00:00,6753000000.0,,6753000000.0,4989000000.0,284000000.0,,-717000000.0,,-433000000.0,141000000.0,-574000000.0,-1056000000.0,-6.95,1.0,0.0421,-0.0641,-0.1564,0.24,1951000000.0,284000000.0,-1.1401,,-2.8758,,-1.1401,-574000000.0,,-1458000000.0,0.2889,0.1235,DVN
2016-09-30 00:00:00,11733000000.0,,11733000000.0,8669000000.0,-7298000000.0,,-1086000000.0,,-8384000000.0,-1006000000.0,-7378000000.0,-6610000000.0,-18.7,1.0,-0.622,-0.7146,-0.5634,0.0852,-4211000000.0,-7298000000.0,-16.5796,,-16.5684,,-16.5684,-7378000000.0,,-7378000000.0,-0.3589,0.1562,DVN
2016-06-30 00:00:00,11101000000.0,,11101000000.0,9062000000.0,-14207000000.0,,-978000000.0,,-15185000000.0,-2891000000.0,-12294000000.0,-11111000000.0,-29.24,1.0,-1.2798,-1.3679,-1.0009,-0.2015,-10789000000.0,-14207000000.0,-28.1405,,-28.1405,,-28.1405,-12294000000.0,,-12294000000.0,-0.9719,0.2395,DVN
2016-03-31 00:00:00,12006000000.0,,12006000000.0,9839000000.0,-17073000000.0,,-846000000.0,,-17919000000.0,-4395000000.0,-13524000000.0,-12357000000.0,-33.14,1.0,-1.422,-1.4925,-1.0292,-0.2175,-13345000000.0,-17073000000.0,-32.0024,,-32.0024,,-32.0024,-13524000000.0,,-13524000000.0,-1.1115,0.2844,DVN
2015-12-31 00:00:00,13145000000.0,,13145000000.0,10408000000.0,-19068000000.0,,-790000000.0,,-19858000000.0,-6213000000.0,-13645000000.0,-12901000000.0,-35.58,1.0,-1.4506,-1.5107,-0.9814,-0.0676,-14971000000.0,-19068000000.0,-33.5258,,-33.5258,,-33.5258,-13645000000.0,,-13645000000.0,-1.1389,0.3726,DVN
2015-09-30 00:00:00,17326000000.0,,17326000000.0,10191000000.0,-14842000000.0,,-593000000.0,,-15435000000.0,-4765000000.0,-10670000000.0,-10322000000.0,-25.47,1.0,-0.8566,-0.8909,-0.5958,-0.0971,-11355000000.0,-14842000000.0,-26.2867,,-26.2914,,-26.2914,-10670000000.0,,-10670000000.0,-0.6554,0.3062,DVN
2015-06-30 00:00:00,19061000000.0,,19061000000.0,10455000000.0,-7624000000.0,,-534000000.0,,-8158000000.0,-2438000000.0,-5720000000.0,-5809000000.0,-14.35,1.0,-0.4,-0.428,-0.3048,0.0024,-4039000000.0,-7624000000.0,-14.1009,,-14.0929,,-14.0929,-5720000000.0,,-5720000000.0,-0.2119,0.2786,DVN
2015-03-31 00:00:00,20178000000.0,,20178000000.0,10629000000.0,-1487000000.0,,-638000000.0,,-2125000000.0,102000000.0,-2227000000.0,-2317000000.0,-5.76,1.0,-0.0737,-0.1053,-0.1148,0.1579,2112000000.0,-1487000000.0,-5.4975,,-5.4809,,-5.4809,-2227000000.0,,-2227000000.0,0.1047,0.3102,DVN
2014-12-31 00:00:00,20638000000.0,,20638000000.0,10529000000.0,4698000000.0,,-639000000.0,,4059000000.0,2368000000.0,1691000000.0,1607000000.0,3.92,1.0,0.2276,0.1967,0.0779,-0.1119,8106000000.0,4698000000.0,4.1547,,4.1754,,4.1754,1691000000.0,,1691000000.0,0.3928,0.2917,DVN
2014-09-30 00:00:00,16195000000.0,,16195000000.0,9152000000.0,4829000000.0,,-586000000.0,,4243000000.0,1966000000.0,2277000000.0,2210000000.0,5.44,1.0,0.2982,0.262,0.1365,-0.0646,7949000000.0,4829000000.0,5.6159,,5.6344,,5.6344,2277000000.0,,2277000000.0,0.4908,0.3986,DVN
2014-06-30 00:00:00,13573000000.0,,13573000000.0,7693000000.0,3788000000.0,,-560000000.0,,3228000000.0,1563000000.0,1665000000.0,1634000000.0,4.02,1.0,0.2791,0.2378,0.1204,-0.2159,6757000000.0,3788000000.0,4.1227,,4.1312,,4.1312,1665000000.0,,1665000000.0,0.4978,0.4787,DVN
2014-03-31 00:00:00,12151000000.0,,12151000000.0,5999000000.0,3114000000.0,,-443000000.0,,2671000000.0,1023000000.0,1648000000.0,1642000000.0,4.05,1.0,0.2563,0.2198,0.1351,-0.4916,5929000000.0,3114000000.0,4.0934,,4.0975,,4.0975,1648000000.0,,1648000000.0,0.4879,0.4809,DVN
2013-12-31 00:00:00,10397000000.0,,10397000000.0,4899000000.0,567000000.0,,-418000000.0,,149000000.0,169000000.0,-20000000.0,-22000000.0,-0.05,1.0,0.0545,0.0143,-0.0021,-0.0869,3347000000.0,567000000.0,-0.0497,,-0.0497,,-0.0497,-20000000.0,,-20000000.0,0.3219,0.5228,DVN
2013-09-30 00:00:00,10353000000.0,,10353000000.0,4864000000.0,-1604000000.0,,777000000.0,,-827000000.0,-243000000.0,-584000000.0,-579000000.0,-1.45,1.0,-0.1549,-0.0799,-0.0559,-0.1629,1196000000.0,-1604000000.0,-1.4515,,-1.4571,,-1.4371,-584000000.0,,-584000000.0,0.1155,0.4967,DVN
2013-06-30 00:00:00,9504000000.0,,9504000000.0,4703000000.0,-2268000000.0,,-359000000.0,,-2627000000.0,-895000000.0,-1732000000.0,-1727000000.0,-4.31,1.0,-0.2386,-0.2764,-0.1817,-0.2091,557000000.0,-2268000000.0,-4.316,,-4.3218,,-4.3043,-1732000000.0,,-1732000000.0,0.0586,0.5158,DVN
2013-03-31 00:00:00,8975000000.0,,8975000000.0,4468000000.0,-2491000000.0,,-399000000.0,,-2890000000.0,-952000000.0,-1938000000.0,-1939000000.0,-4.81,1.0,-0.2775,-0.322,-0.216,-0.1821,344000000.0,-2491000000.0,-4.8308,,-4.8283,,-4.8233,-1938000000.0,,-1938000000.0,0.0383,0.5495,DVN
2012-12-31 00:00:00,9501000000.0,,9501000000.0,4426000000.0,74000000.0,,-391000000.0,,-317000000.0,-132000000.0,-185000000.0,-206000000.0,-0.54,1.0,0.0078,-0.0334,-0.0217,-0.1896,2885000000.0,74000000.0,-0.47,-0.01,-0.515,0.0,-0.4625,-185000000.0,,-206000000.0,0.3037,0.5216,DVN
