Date,Revenue,Cost of Revenue,Gross Profit,SG&A Expenses,Operating Income,Interest Expense (Operating),Non-operating Income/Expense,Non-operating Interest Expenses,EBT,Income Tax Provision,Income after Tax,Net Income Common,EPS (Basic),Gross Margin,EBIT Margin,EBT margin,Net Profit Margin,Free Cash Flow Margin,EBITDA,EBIT,"EPS (Diluted, from Cont. Ops)","EPS (Diluted, from Disc. Ops)","EPS (Basic, Consolidated)","EPS (Basic, from Discontinued Ops)","EPS (Basic, from Continuous Ops)",Income from Continuous Operations,Income from Discontinued Operations,Consolidated Net Income/Loss,EBITDA Margin,Operating Cash Flow Margin,Ticker
2022-09-30 00:00:00,15370000000.0,13661000000.0,1709000000.0,1328000000.0,379000000.0,162000000.0,1159000000.0,77000000.0,1141000000.0,369000000.0,772000000.0,757000000.0,3.07,0.1112,0.0247,0.0742,0.0493,0.093,2050000000.0,379000000.0,3.0955,,3.1422,,3.1422,772000000.0,,772000000.0,0.1334,0.1162,DXC
2022-06-30 00:00:00,15831000000.0,14042000000.0,1789000000.0,1371000000.0,132000000.0,179000000.0,1581000000.0,65000000.0,839000000.0,282000000.0,557000000.0,542000000.0,2.21,0.113,0.0083,0.053,0.0342,0.1107,2147000000.0,132000000.0,2.2345,,2.2795,,2.2795,557000000.0,,557000000.0,0.1356,0.136,DXC
2022-03-31 00:00:00,16265000000.0,13978000000.0,2287000000.0,1405000000.0,146000000.0,204000000.0,1860000000.0,107000000.0,1141000000.0,405000000.0,736000000.0,718000000.0,2.87,0.1406,0.009,0.0702,0.0441,0.0864,2188000000.0,146000000.0,2.8839,,2.9438,,2.9438,736000000.0,,736000000.0,0.1345,0.114,DXC
2021-12-31 00:00:00,16642000000.0,13955000000.0,2687000000.0,1561000000.0,-129000000.0,238000000.0,397000000.0,170000000.0,-451000000.0,156000000.0,-607000000.0,-610000000.0,-2.41,0.1615,-0.0078,-0.0271,-0.0367,0.0543,1962000000.0,-129000000.0,-2.392,,-2.3849,,-2.3849,-607000000.0,,-607000000.0,0.1179,0.0716,DXC
2021-09-30 00:00:00,16841000000.0,13685000000.0,3156000000.0,1738000000.0,-310000000.0,282000000.0,2264000000.0,237000000.0,1361000000.0,967000000.0,394000000.0,390000000.0,1.53,0.1874,-0.0184,0.0808,0.0232,-0.0089,1819000000.0,-310000000.0,1.5205,,1.5446,,1.5446,394000000.0,,394000000.0,0.108,0.0113,DXC
2021-06-30 00:00:00,17368000000.0,13712000000.0,3656000000.0,1910000000.0,-223000000.0,317000000.0,1526000000.0,317000000.0,1303000000.0,968000000.0,335000000.0,334000000.0,1.31,0.2105,-0.0128,0.075,0.0192,-0.0225,1699000000.0,-223000000.0,1.2934,,1.3175,,1.3175,335000000.0,,335000000.0,0.0978,-0.0014,DXC
2021-03-31 00:00:00,17729000000.0,14086000000.0,3643000000.0,2066000000.0,-434000000.0,361000000.0,1088000000.0,361000000.0,654000000.0,800000000.0,-146000000.0,-149000000.0,-0.59,0.2055,-0.0245,0.0369,-0.0084,-0.0128,1557000000.0,-434000000.0,-0.5745,,-0.5744,,-0.5744,-146000000.0,,-146000000.0,0.0878,0.007,DXC
2020-12-31 00:00:00,18159000000.0,14298000000.0,3861000000.0,2131000000.0,-288000000.0,379000000.0,-1827000000.0,379000000.0,-2115000000.0,728000000.0,-2843000000.0,-2846000000.0,-11.24,0.2126,-0.0159,-0.1165,-0.1567,0.008,5599000000.0,-288000000.0,-10.9624,,-10.944,,-10.944,-2843000000.0,,-2843000000.0,0.3083,0.0381,DXC
2020-09-30 00:00:00,18892000000.0,14792000000.0,4100000000.0,2132000000.0,-54000000.0,390000000.0,-3912000000.0,390000000.0,-3966000000.0,-110000000.0,-3856000000.0,-3862000000.0,-15.24,0.217,-0.0029,-0.2099,-0.2044,0.0462,5888000000.0,-54000000.0,-14.9237,,-14.9283,,-14.9283,-3856000000.0,,-3856000000.0,0.3117,0.0718,DXC
2020-06-30 00:00:00,19189000000.0,14908000000.0,4281000000.0,2082000000.0,235000000.0,,-5894000000.0,398000000.0,-5659000000.0,66000000.0,-5725000000.0,-5737000000.0,-22.47,0.2231,0.0122,-0.2949,-0.299,0.1059,9007000000.0,235000000.0,-22.1309,,-22.1355,,-22.1355,-5725000000.0,,-5725000000.0,0.4694,0.1321,DXC
2020-03-31 00:00:00,19577000000.0,14901000000.0,4676000000.0,2050000000.0,684000000.0,,-5912000000.0,383000000.0,-5228000000.0,130000000.0,-5358000000.0,-5369000000.0,-21.05,0.2389,0.0349,-0.267,-0.2743,0.0939,9434000000.0,684000000.0,-20.7217,,-20.7217,,-20.7217,-5358000000.0,,-5358000000.0,0.4819,0.12,DXC
2019-12-31 00:00:00,20042000000.0,14964000000.0,5078000000.0,1973000000.0,1184000000.0,,-2496000000.0,373000000.0,-1312000000.0,274000000.0,-1586000000.0,-1600000000.0,-6.24,0.2534,0.0591,-0.0655,-0.0798,0.118,6052000000.0,1184000000.0,-6.2091,0.0,-6.1923,0.01,-6.1932,-1586000000.0,0.0,-1586000000.0,0.302,0.1402,DXC
2019-09-30 00:00:00,20199000000.0,14862000000.0,5337000000.0,1946000000.0,1441000000.0,,-2411000000.0,361000000.0,-970000000.0,240000000.0,-1210000000.0,-1220000000.0,-4.88,0.2642,0.0713,-0.048,-0.0604,0.1109,6285000000.0,1441000000.0,-4.9006,0.12,-4.8546,0.01,-4.866,-1210000000.0,0.0,-1210000000.0,0.3112,0.1247,DXC
2019-06-30 00:00:00,20361000000.0,14701000000.0,5660000000.0,2026000000.0,1667000000.0,,-306000000.0,340000000.0,1361000000.0,197000000.0,1164000000.0,1161000000.0,4.24,0.278,0.0819,0.0668,0.057,0.0545,3645000000.0,1667000000.0,4.1946,,4.2411,,4.2392,1164000000.0,35000000.0,1164000000.0,0.179,0.0662,DXC
2019-03-31 00:00:00,20753000000.0,14946000000.0,5807000000.0,1959000000.0,1880000000.0,,-365000000.0,334000000.0,1515000000.0,288000000.0,1227000000.0,1257000000.0,4.54,0.2798,0.0906,0.073,0.0606,0.0762,3893000000.0,1880000000.0,4.35,,4.5471,0.13,4.4,1227000000.0,,1262000000.0,0.1876,0.0859,DXC
2018-12-31 00:00:00,21057000000.0,15197000000.0,5860000000.0,1906000000.0,1960000000.0,,-211000000.0,349000000.0,1749000000.0,266000000.0,1483000000.0,1543000000.0,5.48,0.2783,0.0931,0.0831,0.0733,0.0664,4097000000.0,1960000000.0,5.16,0.25,5.5309,0.25,5.24,1483000000.0,73000000.0,1556000000.0,0.1946,0.0756,DXC
2018-09-30 00:00:00,21339000000.0,15523000000.0,5816000000.0,1862000000.0,2028000000.0,,-407000000.0,341000000.0,1621000000.0,-102000000.0,1723000000.0,1857000000.0,6.52,0.2726,0.095,0.076,0.087,0.0711,4136000000.0,2028000000.0,5.93,0.5,6.5701,0.51,6.02,1723000000.0,146000000.0,1869000000.0,0.1938,0.0893,DXC
2018-06-30 00:00:00,21779000000.0,15875000000.0,5904000000.0,1937000000.0,2043000000.0,,-470000000.0,331000000.0,1573000000.0,-96000000.0,1669000000.0,1851000000.0,6.49,0.2711,0.0938,0.0722,0.085,0.0936,4199000000.0,2043000000.0,5.68,0.71,6.5798,0.72,5.78,1669000000.0,206000000.0,1875000000.0,0.1928,0.111,DXC
2018-03-31 00:00:00,21733000000.0,16317000000.0,5416000000.0,1890000000.0,1731000000.0,,-427000000.0,320000000.0,1304000000.0,-242000000.0,1546000000.0,1751000000.0,6.14,0.2492,0.0796,0.06,0.0806,0.1008,3741000000.0,1731000000.0,5.23,0.81,6.2541,0.83,5.32,1546000000.0,236000000.0,1782000000.0,0.1721,0.1181,DXC
2017-12-31 00:00:00,18038000000.0,13648000000.0,4390000000.0,1835000000.0,1138000000.0,,-609000000.0,250000000.0,529000000.0,-352000000.0,881000000.0,1043000000.0,3.13,0.2434,0.0631,0.0293,0.0578,0.0825,2697000000.0,1138000000.0,2.2923,0.5,3.2889,0.52,2.3318,881000000.0,173000000.0,1079000000.0,0.1495,0.1011,DXC
2017-09-30 00:00:00,14495000000.0,10944000000.0,3551000000.0,1721000000.0,692000000.0,,-454000000.0,210000000.0,238000000.0,26000000.0,212000000.0,298000000.0,0.63,0.245,0.0477,0.0164,0.0206,0.1091,1932000000.0,692000000.0,0.1178,0.45,0.8218,0.46,0.1344,212000000.0,130000000.0,337000000.0,0.1333,0.1302,DXC
2017-06-30 00:00:00,10913000000.0,8437000000.0,2476000000.0,1370000000.0,283000000.0,,-330000000.0,166000000.0,-47000000.0,-75000000.0,28000000.0,57000000.0,-0.16,0.2269,0.0259,-0.0043,0.0052,0.0679,1152000000.0,283000000.0,-0.4061,0.79,0.041,0.81,-0.4062,28000000.0,154000000.0,93000000.0,0.1056,0.0997,DXC
2017-03-31 00:00:00,7607000000.0,5549000000.0,2058000000.0,1282000000.0,129000000.0,,-303000000.0,117000000.0,-174000000.0,-74000000.0,-100000000.0,-123000000.0,-0.87,0.2705,0.017,-0.0229,-0.0162,0.0381,804000000.0,129000000.0,-0.88,,-0.7124,,-0.8801,-100000000.0,,-100000000.0,0.1057,0.0814,DXC
2016-12-31 00:00:00,7525000000.0,5591000000.0,1934000000.0,1182000000.0,8000000.0,,-182000000.0,118000000.0,-174000000.0,-111000000.0,-63000000.0,-101000000.0,-0.73,0.257,0.0011,-0.0231,-0.0134,0.0603,670000000.0,8000000.0,-0.4723,,-0.6446,,-0.4619,-63000000.0,,-88000000.0,0.089,0.115,DXC
2016-09-30 00:00:00,7358000000.0,5460000000.0,1898000000.0,1108000000.0,46000000.0,,-192000000.0,118000000.0,-146000000.0,-68000000.0,-78000000.0,-82000000.0,-0.64,0.258,0.0063,-0.0198,-0.0111,0.0145,742000000.0,46000000.0,-0.5778,,-0.5327,,-0.5645,-78000000.0,,-73000000.0,0.1008,0.0761,DXC
2016-06-30 00:00:00,7232000000.0,5334000000.0,1898000000.0,1084000000.0,69000000.0,,-167000000.0,118000000.0,-98000000.0,-92000000.0,-6000000.0,74000000.0,0.46,0.2624,0.0095,-0.0136,0.0102,0.0006,798000000.0,69000000.0,-0.0639,,0.5977,,-0.0339,-6000000.0,,83000000.0,0.1103,0.0678,DXC
2016-03-31 00:00:00,7106000000.0,5185000000.0,1921000000.0,1050000000.0,118000000.0,,-108000000.0,123000000.0,10000000.0,-69000000.0,79000000.0,258000000.0,1.77,0.2703,0.0166,0.0014,0.0363,0.0455,885000000.0,118000000.0,0.54,1.26,1.9524,1.29,0.58,79000000.0,191000000.0,270000000.0,0.1245,0.1129,DXC
2015-12-31 00:00:00,7209000000.0,5343000000.0,1866000000.0,1067000000.0,114000000.0,,-345000000.0,122000000.0,-231000000.0,-280000000.0,49000000.0,393000000.0,2.74,0.2588,0.0158,-0.032,0.0545,0.0848,937000000.0,114000000.0,0.34,2.43,2.9504,2.46,0.38,49000000.0,359000000.0,408000000.0,0.13,0.1487,DXC
2015-09-30 00:00:00,7408000000.0,5699000000.0,1709000000.0,1325000000.0,-345000000.0,,-350000000.0,121000000.0,-695000000.0,-528000000.0,-167000000.0,29000000.0,0.2,0.2307,-0.0466,-0.0938,0.0039,0.1403,518000000.0,-345000000.0,-1.19,1.38,0.3503,1.41,-1.16,-167000000.0,210000000.0,43000000.0,0.0699,0.198,DXC
2015-06-30 00:00:00,8743000000.0,6669000000.0,2074000000.0,1402000000.0,-141000000.0,,-356000000.0,128000000.0,-497000000.0,-414000000.0,-83000000.0,9000000.0,0.04,0.2372,-0.0161,-0.0568,0.001,0.1327,771000000.0,-141000000.0,-0.67,0.69,0.1593,0.7,-0.64,-83000000.0,105000000.0,22000000.0,0.0882,0.1787,DXC
2015-03-31 00:00:00,10176000000.0,7761000000.0,2415000000.0,1475000000.0,29000000.0,,-384000000.0,137000000.0,-355000000.0,-366000000.0,11000000.0,-8000000.0,-0.12,0.2373,0.0028,-0.0349,-0.0008,0.103,1006000000.0,29000000.0,-0.1,-0.05,-0.0125,-0.07,-0.05,11000000.0,-5000000.0,6000000.0,0.0989,0.1448,DXC
2014-12-31 00:00:00,11595000000.0,8400000000.0,3195000000.0,1507000000.0,694000000.0,,-189000000.0,142000000.0,505000000.0,87000000.0,418000000.0,253000000.0,1.01,0.2755,0.0599,0.0436,0.0218,0.1038,1721000000.0,694000000.0,2.66,-1.06,1.7727,-1.08,2.75,418000000.0,-151000000.0,267000000.0,0.1484,0.1473,DXC
2014-09-30 00:00:00,12874000000.0,9089000000.0,3785000000.0,1308000000.0,1437000000.0,,-188000000.0,148000000.0,1249000000.0,356000000.0,893000000.0,838000000.0,4.2,0.294,0.1116,0.097,0.0651,0.0805,2477000000.0,1437000000.0,5.88,-0.24,5.8792,-0.26,6.01,893000000.0,-37000000.0,856000000.0,0.1924,0.123,DXC
2014-06-30 00:00:00,12981000000.0,9199000000.0,3782000000.0,1276000000.0,1470000000.0,,-227000000.0,147000000.0,1243000000.0,365000000.0,878000000.0,919000000.0,4.52,0.2913,0.1132,0.0958,0.0708,0.0842,2505000000.0,1470000000.0,5.71,0.43,6.425,0.43,5.84,878000000.0,64000000.0,942000000.0,0.193,0.1261,DXC
2014-03-31 00:00:00,12998000000.0,9272000000.0,3726000000.0,1220000000.0,1488000000.0,,-225000000.0,147000000.0,1263000000.0,383000000.0,880000000.0,947000000.0,4.56,0.2867,0.1145,0.0972,0.0729,0.0768,2506000000.0,1488000000.0,5.71,0.59,6.5672,0.6,5.83,880000000.0,88000000.0,968000000.0,0.1928,0.1213,DXC
2013-12-31 00:00:00,13167000000.0,9851000000.0,3316000000.0,1271000000.0,1023000000.0,,-298000000.0,148000000.0,725000000.0,71000000.0,654000000.0,757000000.0,5.21,0.2518,0.0777,0.0551,0.0575,0.0422,2045000000.0,1023000000.0,4.18,0.87,5.2682,0.87,4.24,654000000.0,127000000.0,781000000.0,0.1553,0.08,DXC
2013-09-30 00:00:00,13475000000.0,10357000000.0,3118000000.0,1224000000.0,855000000.0,,-344000000.0,167000000.0,511000000.0,24000000.0,487000000.0,996000000.0,7.54,0.2314,0.0635,0.0379,0.0739,0.0333,1894000000.0,855000000.0,3.05,3.46,6.6961,3.47,3.08,487000000.0,531000000.0,1018000000.0,0.1406,0.0695,DXC
2013-06-30 00:00:00,13816000000.0,10753000000.0,3063000000.0,1204000000.0,797000000.0,,-363000000.0,178000000.0,434000000.0,-7000000.0,441000000.0,894000000.0,7.01,0.2217,0.0577,0.0314,0.0647,0.0444,1860000000.0,797000000.0,2.73,3.07,5.9498,3.07,2.75,441000000.0,473000000.0,914000000.0,0.1346,0.0804,DXC
2013-03-31 00:00:00,14195000000.0,11293000000.0,2902000000.0,1197000000.0,635000000.0,,-400000000.0,183000000.0,235000000.0,-62000000.0,297000000.0,760000000.0,6.23,0.2044,0.0447,0.0166,0.0535,0.0418,1705000000.0,635000000.0,1.8,3.12,5.0392,3.12,1.8,297000000.0,482000000.0,779000000.0,0.1201,0.0788,DXC
2012-12-31 00:00:00,13684000000.0,9985000000.0,3699000000.0,1148000000.0,1480000000.0,,2081000000.0,188000000.0,3561000000.0,-23000000.0,3584000000.0,4148000000.0,3.37,0.2703,0.1082,0.2602,0.3031,0.0759,-26000000.0,1480000000.0,23.01,3.73,26.845,3.74,23.02,3584000000.0,579000000.0,4163000000.0,-0.0019,0.1647,DXC
