Date,Revenue,Cost of Revenue,Gross Profit,SG&A Expenses,Operating Income,Interest Expense (Operating),Non-operating Income/Expense,Non-operating Interest Expenses,EBT,Income Tax Provision,Income after Tax,Minority Interest,Net Income Common,EPS (Basic),Gross Margin,EBIT Margin,EBT margin,Net Profit Margin,Free Cash Flow Margin,EBITDA,EBIT,"EPS (Diluted, from Cont. Ops)","EPS (Diluted, from Disc. Ops)","EPS (Basic, Consolidated)","EPS (Basic, from Discontinued Ops)","EPS (Basic, from Continuous Ops)",Income from Continuous Operations,Income from Discontinued Operations,Consolidated Net Income/Loss,EBITDA Margin,Operating Cash Flow Margin,Ticker
2022-09-30 00:00:00,13882000000.0,8542000000.0,5339000000.0,3599600000.0,1550999800.0,193000000.0,234000000.0,7000000.0,1371000000.0,227000000.0,1144700000.0,,1128000000.0,3.93,0.3846,0.1117,0.0988,0.0813,0.0607,2368000000.0,1550999500.0,3.9345,,4.0076,,3.9618,1144700000.0,,1145000000.0,0.1706,0.1131,ECL
2022-06-30 00:00:00,13534000000.0,8214000000.0,5319000000.0,3619700000.0,1533799800.0,208000000.0,296000000.0,7000000.0,1361000000.0,241000000.0,1121300000.0,,1106000000.0,3.84,0.393,0.1133,0.1006,0.0817,0.0779,2404000000.0,1533799500.0,3.8412,,3.9194,,3.8736,1121300000.0,,1122000000.0,0.1776,0.1298,ECL
2022-03-31 00:00:00,13115700000.0,7848000000.0,5267700000.0,3532900000.0,1555799800.0,210000000.0,222900000.0,51600000.0,1371700000.0,250100000.0,1122200000.0,,1108800000.0,3.85,0.4016,0.1186,0.1046,0.0845,0.096,2464199800.0,1555799500.0,3.836,,3.9191,,3.8733,1122200000.0,,1122600000.0,0.1879,0.1477,ECL
2021-12-31 00:00:00,12733700000.0,7539000000.0,5194700000.0,3481100000.0,1598599800.0,216000000.0,97200000.0,101300000.0,1414300000.0,270200000.0,1144000000.0,,1130400000.0,3.93,0.4079,0.1255,0.1111,0.0888,0.1124,2438699900.0,1598599500.0,3.91,-7.48,3.9958,-7.57,3.95,1144000000.0,-2172500100.0,1144100000.0,0.1915,0.1619,ECL
2021-09-30 00:00:00,12433999000.0,7295300000.0,5138700000.0,3422800000.0,1626998900.0,284000000.0,-34900000.0,147700000.0,1442300100.0,299300000.0,1143600000.0,,1129700100.0,3.94,0.4133,0.1309,0.116,0.0909,0.1235,2461299000.0,1626999400.0,3.9425,,3.9988,,3.9809,1153300000.0,,1153700000.0,0.1979,0.1665,ECL
2021-06-30 00:00:00,12131599000.0,7105900000.0,5025700000.0,3328400000.0,1572599000.0,258000000.0,-240600000.0,280500000.0,1332000100.0,267700000.0,1064300000.0,14200000.0,1050900100.0,3.68,0.4143,0.1296,0.1098,0.0866,0.117,2409699100.0,1572599500.0,3.6563,,3.725,,3.6936,1074000000.0,,1074000000.0,0.1986,0.1566,ECL
2021-03-31 00:00:00,11654599000.0,6897600000.0,4757000000.0,3263700000.0,1316799400.0,263000000.0,-236100000.0,293600000.0,1080700100.0,195700000.0,885000000.0,15700000.0,-1294899900.0,-4.47,0.4082,0.113,0.0927,-0.1111,0.1154,2145999500.0,1316799900.0,3.0104,,-4.4326,,3.0471,889300000.0,,-1274600000.0,0.1841,0.153,ECL
2020-12-31 00:00:00,11790199000.0,6905800000.0,4884400000.0,3309100000.0,1395699600.0,258000000.0,-234300000.0,290200000.0,1161400100.0,176600000.0,984800000.0,,-1205099900.0,-4.17,0.4143,0.1184,0.0985,-0.1022,0.1167,2208399600.0,1395700100.0,3.33,-7.2,-4.1384,-7.3,3.37,984800000.0,-2092700100.0,-1187700000.0,0.1873,0.1578,ECL
2020-09-30 00:00:00,11388400000.0,6520500000.0,4867900000.0,3272800100.0,1444201100.0,252000000.0,-228100000.0,287800000.0,1216100100.0,181300000.0,1034800000.0,17200000.0,-1075800000.0,-3.73,0.4274,0.1268,0.1068,-0.0945,0.1269,2245701100.0,1444200800.0,3.4623,,-3.6705,,3.5277,1033400000.0,,-1059300000.0,0.1972,0.1784,ECL
2020-06-30 00:00:00,11593800000.0,6531800000.0,5062000000.0,3339400100.0,1581801000.0,,-133700000.0,199100000.0,1448100100.0,222300000.0,1225800000.0,18000000.0,-857800000.0,-2.98,0.4366,0.1364,0.1249,-0.074,0.1403,2368601000.0,1581800700.0,4.1023,-7.07,-2.9328,-7.17,4.1777,1220000000.0,-2064400000.0,-844400000.0,0.2043,0.1951,ECL
2020-03-31 00:00:00,12077200000.0,6676400000.0,5400800000.0,3450800100.0,1854200900.0,,-118400000.0,189600000.0,1735800100.0,297000000.0,1438800000.0,,1545800000.0,5.36,0.4472,0.1535,0.1437,0.128,0.1432,2589401000.0,1854200600.0,4.8423,0.43,5.4099,0.43,4.9177,1434500000.0,124700000.0,1559200000.0,0.2144,0.1999,ECL
2019-12-31 00:00:00,12562000000.0,7045800000.0,5516200000.0,3550800100.0,1845200400.0,,-113700000.0,190700000.0,1731500100.0,288600000.0,1442900000.0,,1558900000.0,5.41,0.4391,0.1469,0.1378,0.1241,0.1351,2620500500.0,1845200100.0,4.87,,5.4709,,4.95,1442900000.0,,1576200000.0,0.2086,0.1927,ECL
2019-09-30 00:00:00,11212899000.0,6117000400.0,5095899000.0,3263500100.0,1743798800.0,,-114600000.0,197400000.0,1629200000.0,315400000.0,1313800000.0,,1524400000.0,5.29,0.4545,0.1555,0.1453,0.136,0.1591,2352798900.0,1743799000.0,4.4203,,5.3389,,4.4703,1305500100.0,,1537800000.0,0.2098,0.2164,ECL
2019-06-30 00:00:00,11736099000.0,6526800400.0,5209299000.0,3359000100.0,1710998800.0,,-124000000.0,207000000.0,1587000000.0,275200000.0,1311800000.0,,1495600000.0,5.19,0.4439,0.1458,0.1352,0.1274,0.1456,2360298900.0,1710999000.0,4.4242,,5.2454,,4.478,1307900100.0,,1511900000.0,0.2011,0.2053,ECL
2019-03-31 00:00:00,12256599000.0,6892600400.0,5363999000.0,3495800100.0,1741198600.0,,-132400000.0,214100000.0,1608800000.0,290700000.0,1318100000.0,,1478300000.0,5.13,0.4376,0.1421,0.1313,0.1206,0.1171,2479298600.0,1741198800.0,4.4498,,5.1882,,4.5124,1318100100.0,,1496900000.0,0.2023,0.1769,ECL
2018-12-31 00:00:00,12222099000.0,6875300400.0,5346799000.0,3505800100.0,1728298700.0,,-141200000.0,221100000.0,1587100000.0,321200000.0,1265900000.0,,1429100000.0,4.96,0.4375,0.1414,0.1299,0.1169,0.1249,2458698700.0,1728298900.0,4.2701,,5.0059,,4.3301,1265900100.0,,1444700000.0,0.2012,0.1864,ECL
2018-09-30 00:00:00,14556700000.0,8511500000.0,6045201000.0,4008799900.0,1974300100.0,,-169400000.0,246200000.0,1804900000.0,196400000.0,1608500000.0,,1596599900.0,5.55,0.4153,0.1356,0.124,0.1097,0.0841,2902500200.0,1974300400.0,5.4814,,5.5657,,5.5657,1608500000.0,,1608500000.0,0.1994,0.144,ECL
2018-06-30 00:00:00,14374000000.0,8385400000.0,5988601000.0,3974999900.0,2022200200.0,,-172900000.0,245600000.0,1849300000.0,282500000.0,1566800000.0,,1554399900.0,5.4,0.4166,0.1407,0.1287,0.1081,0.0798,2944100300.0,2022200500.0,5.3392,,5.4203,,5.4203,1566800000.0,,1566800000.0,0.2048,0.1403,ECL
2018-03-31 00:00:00,14144400000.0,8284700000.0,5859701000.0,3896399900.0,1947200200.0,,-179000000.0,248900000.0,1768200000.0,258700000.0,1509500000.0,,1497899900.0,5.21,0.4143,0.1377,0.125,0.1059,0.089,2855600200.0,1947200500.0,5.1411,,5.2183,,5.2183,1509500000.0,,1509500000.0,0.2019,0.1522,ECL
2017-12-31 00:00:00,13835900000.0,8064200000.0,5771701000.0,3825299900.0,1950100400.0,,-187700000.0,255000000.0,1762400000.0,243800000.0,1518600000.0,,1504599900.0,5.22,0.4172,0.1409,0.1274,0.1087,0.0891,2843400400.0,1950100700.0,5.1653,,5.2437,,5.2437,1518600000.0,,1518600000.0,0.2055,0.1512,ECL
2017-09-30 00:00:00,13537999000.0,8341900000.0,5196099000.0,3291400100.0,1852999900.0,,-151200000.0,245500000.0,1701799900.0,380200000.0,1321600000.0,,1307700000.0,4.52,0.3838,0.1369,0.1257,0.0966,0.0781,2731099800.0,1853000100.0,4.4817,,4.5507,,4.5507,1321600000.0,,1321600000.0,0.2017,0.1398,ECL
2017-06-30 00:00:00,13359599000.0,8014500000.0,5345099000.0,3432100100.0,1863000100.0,,-177900000.0,255300000.0,1685099900.0,380600000.0,1304500000.0,,1288600000.0,4.44,0.4001,0.1395,0.1261,0.0965,0.0851,2729600000.0,1863000300.0,4.4134,,4.4798,,4.4798,1304500000.0,,1304500000.0,0.2043,0.1441,ECL
2017-03-31 00:00:00,13216799000.0,7754300000.0,5462499000.0,3567200100.0,1855900200.0,,-200400000.0,261000000.0,1655499900.0,383700000.0,1271800000.0,,1252200000.0,4.29,0.4133,0.1404,0.1253,0.0947,0.0863,2710400200.0,1855900400.0,4.2949,,4.3589,,4.3589,1271800000.0,,1271800000.0,0.2051,0.1432,ECL
2016-12-31 00:00:00,13151799000.0,7533900000.0,5617899000.0,3708200100.0,1870200000.0,,-220800000.0,264600000.0,1649399900.0,402900000.0,1246500000.0,,1229000000.0,4.2,0.4272,0.1422,0.1254,0.0934,0.0923,2720900000.0,1870200200.0,4.2012,,4.2615,,4.2615,1246500000.0,,1246500000.0,0.2069,0.1475,ECL
2016-09-30 00:00:00,13212699000.0,6985500000.0,6227199000.0,4311900000.0,1680898700.0,,-258600000.0,258600000.0,1422299900.0,324300000.0,1098000000.0,,1072200000.0,3.65,0.4713,0.1272,0.1076,0.0811,0.1045,2531398700.0,1680899900.0,3.6902,,3.7436,,3.7436,1098000000.0,,1098000000.0,0.1916,0.1587,ECL
2016-06-30 00:00:00,13272999000.0,7068300000.0,6204699000.0,4311000000.0,1519798400.0,,-251300000.0,251300000.0,1268499900.0,299900000.0,968600000.0,,955900000.0,3.24,0.4675,0.1145,0.0956,0.072,0.1099,2364898400.0,1519799600.0,3.2405,,3.2894,,3.2894,968600000.0,,968600000.0,0.1782,0.1686,ECL
2016-03-31 00:00:00,13344899000.0,7089600000.0,6255299000.0,4296900000.0,1545098400.0,,-247200000.0,247200000.0,1297899900.0,284100000.0,1013800000.0,,999500000.0,3.38,0.4687,0.1158,0.0973,0.0749,0.1188,2399598400.0,1545099600.0,3.3771,,3.4304,,3.4304,1013800000.0,,1013800000.0,0.1798,0.1768,ECL
2015-12-31 00:00:00,13545099000.0,7223500000.0,6321599000.0,4345500000.0,1561298600.0,,-243600000.0,243600000.0,1317699900.0,300500000.0,1017200000.0,,1002100000.0,3.38,0.4667,0.1153,0.0973,0.074,0.0886,2420798600.0,1561299800.0,3.375,,3.4318,,3.4318,1017200000.0,,1017200000.0,0.1787,0.1476,ECL
2015-09-30 00:00:00,13813899000.0,7371700000.0,6442199000.0,4428800000.0,1758999500.0,,-243300000.0,243300000.0,1515700100.0,378100000.0,1137599900.0,,1128700000.0,3.79,0.4664,0.1273,0.1097,0.0817,0.0889,2624099500.0,1759000200.0,3.7561,,3.822,,3.822,1137599900.0,,1137599900.0,0.19,0.1495,ECL
2015-06-30 00:00:00,14062399000.0,7522300000.0,6540099000.0,4504000000.0,1917399400.0,,-249000000.0,249000000.0,1668400100.0,411500000.0,1256899900.0,,1235800000.0,4.14,0.4651,0.1363,0.1186,0.0879,0.0807,2789699400.0,1917400100.0,4.1308,,4.2061,,4.2061,1256899900.0,,1256899900.0,0.1984,0.1366,ECL
2015-03-31 00:00:00,14241499000.0,7625200000.0,6616299000.0,4577500000.0,1991799400.0,,-254000000.0,254000000.0,1737800100.0,474700000.0,1263099900.0,,1245200000.0,4.16,0.4646,0.1399,0.122,0.0874,0.0641,2864199400.0,1991800100.0,4.1373,,4.215,,4.215,1263099900.0,,1263099900.0,0.2011,0.1203,ECL
2014-12-31 00:00:00,14280499000.0,7679100000.0,6601399000.0,4577600000.0,1954999300.0,,-256600000.0,256600000.0,1698400100.0,476200000.0,1222199900.0,,1202800000.0,4.02,0.4623,0.1369,0.1189,0.0842,0.0723,2826999300.0,1955000000.0,3.9955,,4.0726,,4.0726,1222199900.0,,1222199900.0,0.198,0.1271,ECL
2014-09-30 00:00:00,14159200000.0,7644400000.0,6514800000.0,4559000000.0,1905100400.0,,-262200000.0,262200000.0,1642900100.0,474400000.0,1168500000.0,,1154400000.0,3.85,0.4601,0.1345,0.116,0.0815,0.0748,2773500400.0,1905100100.0,3.8295,,3.8954,,3.8954,1168500000.0,,1168500000.0,0.1959,0.1254,ECL
2014-06-30 00:00:00,13948300000.0,7539900000.0,6408400000.0,4527200000.0,1809700500.0,,-265900000.0,265900000.0,1543800100.0,437500000.0,1106300000.0,,1097500000.0,3.65,0.4594,0.1297,0.1107,0.0787,0.0718,2671400500.0,1809700200.0,3.6218,,3.684,,3.684,1106300000.0,,1106300000.0,0.1915,0.1218,ECL
2014-03-31 00:00:00,13717900000.0,7440700000.0,6277200000.0,4476200000.0,1649800500.0,,-265900000.0,265900000.0,1383900100.0,376800000.0,1007100000.0,,999200000.0,3.32,0.4576,0.1203,0.1009,0.0728,0.0677,2497500500.0,1649800200.0,3.2917,,3.3484,,3.3484,1007100000.0,,1007100000.0,0.1821,0.1158,ECL
2013-12-31 00:00:00,13253400000.0,7161200000.0,6092200000.0,4360300000.0,1560600800.0,,-262300000.0,262300000.0,1298300100.0,324700000.0,973600000.0,,967800000.0,3.22,0.4597,0.1178,0.098,0.073,0.0691,2376800800.0,1560600500.0,3.1922,,3.2464,,3.2464,973600000.0,,973600000.0,0.1793,0.1177,ECL
2013-09-30 00:00:00,12739700000.0,6762100000.0,5977600000.0,4306000000.0,1485800200.0,,-257200000.0,257200000.0,1228600000.0,310100000.0,918500000.0,,912100000.0,3.06,0.4692,0.1166,0.0964,0.0716,0.0614,2268500300.0,1485800200.0,3.0196,,3.0812,,3.0812,918500000.0,,918500000.0,0.1781,0.1108,ECL
2013-06-30 00:00:00,12279000000.0,6512400000.0,5766600000.0,4169600000.0,1411000200.0,,-254400000.0,254400000.0,1156600000.0,306000000.0,850600000.0,,842100000.0,2.85,0.4696,0.1149,0.0942,0.0686,0.0626,2159800300.0,1411000200.0,2.8203,,2.8789,,2.8789,850600000.0,,850600000.0,0.1759,0.1128,ECL
2013-03-31 00:00:00,11899900000.0,6311100000.0,5588800000.0,4049600000.0,1385200000.0,,-252100000.0,252100000.0,1133100000.0,314900000.0,818200000.0,,813500000.0,2.77,0.4697,0.1164,0.0952,0.0684,0.057,2107800100.0,1385200000.0,2.7333,,2.7914,,2.7914,818200000.0,,818200000.0,0.1771,0.1074,ECL
2012-12-31 00:00:00,11838700000.0,6385400000.0,5453300000.0,4018300000.0,1289299800.0,,-276700000.0,276700000.0,1012600000.0,311300000.0,701300000.0,,703600000.0,2.4,0.4606,0.1089,0.0855,0.0594,0.0516,2003800000.0,1289299800.0,2.3462,,2.3977,,2.3977,701300000.0,,701300000.0,0.1693,0.1016,ECL
