Date,Revenue,Cost of Revenue,Gross Profit,SG&A Expenses,Operating Income,Interest Expense (Operating),Non-operating Income/Expense,Non-operating Interest Expenses,EBT,Income Tax Provision,Income after Tax,Net Income Common,EPS (Basic),Gross Margin,EBIT Margin,EBT margin,Net Profit Margin,Free Cash Flow Margin,EBITDA,EBIT,"EPS (Diluted, from Cont. Ops)","EPS (Diluted, from Disc. Ops)","EPS (Basic, Consolidated)","EPS (Basic, from Discontinued Ops)","EPS (Basic, from Continuous Ops)",Income from Continuous Operations,Income from Discontinued Operations,Consolidated Net Income/Loss,EBITDA Margin,Operating Cash Flow Margin,Ticker
2022-09-30 00:00:00,5177000000.0,2714000000.0,2464000000.0,1331700000.0,1132099900.0,168000000.0,209000000.0,166900000.0,927000000.0,212000000.0,714200000.0,711000000.0,5.76,0.476,0.2187,0.1791,0.1373,0.042,1698000000.0,1132099900.0,5.7816,,5.8392,,5.8392,714200000.0,,714000000.0,0.328,0.1578,EFX
2022-06-30 00:00:00,5156000000.0,2637000000.0,2520000000.0,1357700000.0,1162399900.0,156000000.0,190000000.0,154800000.0,972000000.0,218000000.0,753900000.0,750000000.0,6.08,0.4888,0.2254,0.1885,0.1455,0.0614,1704000000.0,1162399900.0,6.0982,,6.1704,,6.1704,753900000.0,,754000000.0,0.3305,0.1669,EFX
2022-03-31 00:00:00,5073800000.0,2438000000.0,2636800000.0,1355900000.0,1163799900.0,149000000.0,91100000.0,148100000.0,984100000.0,216200000.0,768400000.0,764100000.0,6.22,0.5197,0.2294,0.194,0.1506,0.0956,1682700000.0,1163799900.0,6.213,,6.2976,,6.2976,768400000.0,,768900000.0,0.3316,0.1957,EFX
2021-12-31 00:00:00,4923800000.0,2230300000.0,2693500000.0,1324400000.0,1138000000.0,146000000.0,-14000000.0,145600000.0,948600000.0,200800000.0,748500000.0,743700000.0,6.08,0.547,0.2311,0.1927,0.151,0.1768,1634000000.0,1138000000.0,6.0559,,6.1402,,6.1402,748500000.0,,748800000.0,0.3319,0.2711,EFX
2021-09-30 00:00:00,4789300000.0,2053100000.0,2736200000.0,1347800000.0,1055299900.0,144000000.0,-149100000.0,144000000.0,905000000.0,202500000.0,703100000.0,696200000.0,5.7,0.5713,0.2203,0.189,0.1454,0.1675,1514599900.0,1055300100.0,5.6988,,5.7704,,5.7704,703100000.0,,703500000.0,0.3162,0.2603,EFX
2021-06-30 00:00:00,4634600000.0,1880300000.0,2754300000.0,1333800000.0,986499900.0,146000000.0,-40400000.0,146400000.0,946100000.0,220300000.0,725800000.0,719700000.0,5.88,0.5943,0.2129,0.2041,0.1553,0.1621,1430099900.0,986500100.0,5.8928,,5.9628,,5.9628,725800000.0,,725800000.0,0.3086,0.2622,EFX
2021-03-31 00:00:00,4382600000.0,1806600000.0,2576000000.0,1315300000.0,847299900.0,148000000.0,-49900000.0,148100000.0,797400000.0,187100000.0,610300000.0,604800000.0,4.9,0.5878,0.1933,0.1819,0.138,0.1398,1268999900.0,847300100.0,4.9629,,5.0172,,5.0172,610300000.0,,610300000.0,0.2896,0.2416,EFX
2020-12-31 00:00:00,4127500000.0,1737400000.0,2390100000.0,1322500000.0,676599900.0,142000000.0,8600000.0,141600000.0,685200000.0,159000000.0,526200000.0,520100000.0,4.17,0.5791,0.1639,0.166,0.126,0.1272,1075899900.0,676600100.0,4.285,,4.3308,,4.3308,526200000.0,,526200000.0,0.2607,0.2292,EFX
2020-09-30 00:00:00,3914800200.0,1639399900.0,2275400200.0,1344899900.0,554200200.0,134000000.0,79800000.0,134100000.0,634000000.0,160000000.0,474000100.0,469500000.0,3.64,0.5812,0.1416,0.1619,0.1199,0.1217,937900200.0,554200000.0,3.8771,,3.9122,,3.9122,474000100.0,,474000000.0,0.2396,0.2247,EFX
2020-06-30 00:00:00,3722200200.0,1580699900.0,2141500200.0,1310399900.0,471400200.0,,-47000000.0,124700000.0,424400000.0,97200000.0,327200100.0,322100000.0,2.47,0.5753,0.1266,0.114,0.0865,-0.0097,837700200.0,471400000.0,2.6875,,2.7068,,2.7068,327200100.0,,327200000.0,0.2251,0.0934,EFX
2020-03-31 00:00:00,3619400200.0,1548299900.0,2071100200.0,1307299900.0,418400200.0,,-33400000.0,115700000.0,385000000.0,89900000.0,295100100.0,288700000.0,2.23,0.5722,0.1156,0.1064,0.0798,-0.0164,770800300.0,418400000.0,2.429,,2.4452,,2.4452,295100100.0,,295100000.0,0.213,0.0866,EFX
2019-12-31 00:00:00,3507600200.0,1521699900.0,1985900200.0,1990199900.0,-335399800.0,,-78400000.0,111700000.0,-413800000.0,-35700000.0,-378099900.0,-384100000.0,-3.3,0.5662,-0.0956,-0.118,-0.1095,-0.0245,1900300.0,-335400000.0,-3.0992,,-3.1274,,-3.1274,-378099900.0,,-378100000.0,0.0005,0.0895,EFX
2019-09-30 00:00:00,3437100100.0,1511200000.0,1925900100.0,1939000000.0,-336399800.0,,-81500000.0,108800000.0,-417900000.0,-51800000.0,-366100000.0,-371600000.0,-3.17,0.5603,-0.0979,-0.1216,-0.1081,-0.0499,-6999800.0,-336400100.0,-3.016,,-3.0366,,-3.0366,-366100000.0,,-366100000.0,-0.002,0.0721,EFX
2019-06-30 00:00:00,3395600100.0,1513400000.0,1882200100.0,1961000000.0,-393899800.0,,-81800000.0,107500000.0,-475700000.0,-66700000.0,-409000000.0,-414300000.0,-3.52,0.5543,-0.116,-0.1401,-0.122,0.0469,-72399800.0,-393900100.0,-3.3649,,-3.3898,,-3.3898,-409000000.0,,-409000000.0,-0.0213,0.1665,EFX
2019-03-31 00:00:00,3392500100.0,1485100000.0,1907400100.0,1911700000.0,-314099800.0,,-81200000.0,106300000.0,-395300000.0,-64100000.0,-331200000.0,-336300000.0,-2.87,0.5622,-0.0926,-0.1165,-0.0991,0.0615,2000100.0,-314100100.0,-2.7212,,-2.7407,,-2.7407,-331200000.0,,-331200000.0,0.0006,0.172,EFX
2018-12-31 00:00:00,3412100100.0,1440400000.0,1971700100.0,1213300000.0,448000200.0,,-77600000.0,103500000.0,370400000.0,53400000.0,317000000.0,310500000.0,2.49,0.5779,0.1313,0.1086,0.091,0.1043,763900100.0,447999900.0,2.6113,,2.6329,,2.6329,317000000.0,,317000000.0,0.2239,0.197,EFX
2018-09-30 00:00:00,3415299900.0,1387000000.0,2028300000.0,1129000000.0,594399900.0,,-90800000.0,99600000.0,503600000.0,49600000.0,454000000.0,446400000.0,3.72,0.5939,0.174,0.1475,0.1307,0.1322,903900000.0,594399900.0,3.7468,,3.7777,,3.7777,454000000.0,,454000000.0,0.2647,0.2093,EFX
2018-06-30 00:00:00,3415899900.0,1307600000.0,2108300000.0,1121900000.0,684999900.0,,-84100000.0,94300000.0,600900000.0,86000000.0,514900000.0,504300000.0,4.2,0.6172,0.2005,0.1759,0.1476,0.177,989900000.0,684999900.0,4.2489,,4.2859,,4.2859,514900000.0,,514900000.0,0.2898,0.2464,EFX
2018-03-31 00:00:00,3395699900.0,1252700000.0,2143000000.0,1091000000.0,757299900.0,,-83200000.0,92500000.0,674100000.0,137700000.0,536400000.0,524900000.0,4.37,0.6311,0.223,0.1985,0.1546,0.179,1055100000.0,757299900.0,4.4203,,4.4646,,4.4646,536400000.0,,536400000.0,0.3107,0.245,EFX
2017-12-31 00:00:00,3362199900.0,1210700000.0,2151500000.0,1032000000.0,831699900.0,,-85100000.0,92800000.0,746600000.0,148600000.0,598000000.0,587300000.0,4.89,0.6399,0.2474,0.2221,0.1747,0.1804,1122600000.0,831699900.0,4.9218,,4.9792,,4.9792,598000000.0,,598000000.0,0.3339,0.2427,EFX
2017-09-30 00:00:00,3324899800.0,1178100000.0,2146799700.0,1011400000.0,850299700.0,,-93300000.0,94300000.0,757000000.0,208700000.0,548300000.0,538000000.0,4.48,0.6457,0.2557,0.2277,0.1618,0.2094,1140299700.0,850299900.0,4.5078,,4.5684,,4.5684,548300000.0,,548300000.0,0.343,0.2669,EFX
2017-06-30 00:00:00,3294199800.0,1168800000.0,2125399700.0,934400000.0,907699700.0,,-96500000.0,97200000.0,811200000.0,228500000.0,582700000.0,574500000.0,4.79,0.6452,0.2755,0.2463,0.1744,0.2039,1195199700.0,907699900.0,4.7921,,4.8605,,4.8605,582700000.0,,582700000.0,0.3628,0.2591,EFX
2017-03-31 00:00:00,3248799800.0,1160900000.0,2087899700.0,939400000.0,867499700.0,,-97600000.0,96200000.0,769900000.0,221800000.0,548100000.0,540000000.0,4.52,0.6427,0.267,0.237,0.1662,0.1981,1151499700.0,867499900.0,4.5155,,4.5831,,4.5831,548100000.0,,548100000.0,0.3544,0.252,EFX
2016-12-31 00:00:00,3144899800.0,1113400000.0,2031499700.0,941000000.0,825099700.0,,-96900000.0,92100000.0,728200000.0,233100000.0,495100000.0,488800000.0,4.1,0.646,0.2624,0.2315,0.1554,0.2065,1093799700.0,825099900.0,4.0884,,4.1501,,4.1501,495100000.0,,495100000.0,0.3478,0.2617,EFX
2016-09-30 00:00:00,3010000100.0,1052100000.0,1957900100.0,923600000.0,790900100.0,,-77700000.0,83700000.0,713200000.0,229900000.0,483300000.0,477700000.0,4.01,0.6505,0.2628,0.2369,0.1587,0.197,1035900100.0,790900100.0,3.9952,,4.0598,,4.0598,483300000.0,,483300000.0,0.3442,0.258,EFX
2016-06-30 00:00:00,2873300100.0,990600000.0,1882700100.0,907400000.0,753100100.0,,-57200000.0,75200000.0,695900000.0,227800000.0,468100000.0,462800000.0,3.9,0.6552,0.2621,0.2422,0.1611,0.2103,977000100.0,753100100.0,3.8756,,3.9419,,3.9419,468100000.0,,468100000.0,0.34,0.2708,EFX
2016-03-31 00:00:00,2740100100.0,925600000.0,1814500100.0,894500000.0,715900100.0,,-62900000.0,67800000.0,653000000.0,205400000.0,447600000.0,442900000.0,3.74,0.6622,0.2613,0.2383,0.1616,0.2224,922400100.0,715900100.0,3.7078,,3.7747,,3.7747,447600000.0,,447600000.0,0.3366,0.2826,EFX
2015-12-31 00:00:00,2663600100.0,887400000.0,1776200100.0,884300000.0,693900100.0,,-57300000.0,63800000.0,636600000.0,201800000.0,434800000.0,429100000.0,3.62,0.6668,0.2605,0.239,0.1611,0.2339,893900100.0,693900100.0,3.5963,,3.6631,,3.6631,434800000.0,,434800000.0,0.3356,0.2887,EFX
2015-09-30 00:00:00,2621899900.0,877000000.0,1744899800.0,863800000.0,682199900.0,,-61900000.0,64900000.0,620300000.0,199700000.0,420600000.0,415200000.0,3.5,0.6655,0.2602,0.2366,0.1584,0.2378,883599900.0,682199900.0,3.4692,,3.5343,,3.5343,420600000.0,,420600000.0,0.337,0.2821,EFX
2015-06-30 00:00:00,2567899900.0,861500000.0,1706399800.0,844400000.0,661599900.0,,-74400000.0,66200000.0,587200000.0,191900000.0,395300000.0,390000000.0,3.27,0.6645,0.2576,0.2287,0.1519,0.2248,864699900.0,661599900.0,3.2411,,3.3028,,3.3028,395300000.0,,395300000.0,0.3367,0.2653,EFX
2015-03-31 00:00:00,2503699900.0,853000000.0,1650699800.0,809200000.0,640499900.0,,-61200000.0,67400000.0,579300000.0,202000000.0,377300000.0,371800000.0,3.09,0.6593,0.2558,0.2314,0.1485,0.2228,844099900.0,640499900.0,3.0709,,3.1288,,3.1288,377300000.0,,377300000.0,0.3371,0.2585,EFX
2014-12-31 00:00:00,2436399900.0,844700000.0,1591699800.0,751700000.0,638199900.0,,-64000000.0,68600000.0,574200000.0,200200000.0,374000000.0,367400000.0,3.04,0.6533,0.2619,0.2357,0.1508,0.2175,842399900.0,638199900.0,3.0284,,3.0858,,3.0858,374000000.0,,374000000.0,0.3458,0.2529,EFX
2014-09-30 00:00:00,2390299900.0,827300000.0,1562999900.0,738100000.0,627099900.0,,-82400000.0,69200000.0,544700000.0,190600000.0,354100000.0,346100000.0,2.85,0.6539,0.2624,0.2279,0.1448,0.2174,825999900.0,627099900.0,2.8384,,2.9086,,2.8915,354100000.0,,354100000.0,0.3456,0.2532,EFX
2014-06-30 00:00:00,2348899900.0,813100000.0,1535799900.0,713700000.0,623399900.0,,-85400000.0,69600000.0,538000000.0,192200000.0,345800000.0,336900000.0,2.81,0.6538,0.2654,0.229,0.1434,0.2154,823299900.0,623399900.0,2.744,,2.8322,,2.802,345800000.0,,345200000.0,0.3505,0.2515,EFX
2014-03-31 00:00:00,2321899900.0,799000000.0,1522899900.0,716700000.0,614099900.0,,-82600000.0,69800000.0,531500000.0,187900000.0,343600000.0,334600000.0,2.8,0.6559,0.2645,0.2289,0.1441,0.2116,807199900.0,614099900.0,2.7137,,2.8204,,2.7774,343600000.0,,343000000.0,0.3476,0.2474,EFX
2013-12-31 00:00:00,2303899900.0,787300000.0,1516599900.0,715800000.0,611199900.0,,-80800000.0,70200000.0,530400000.0,188900000.0,341500000.0,351800000.0,2.95,0.6583,0.2653,0.2302,0.1527,0.2108,801499900.0,611199900.0,2.69,,2.9694,0.15,2.75,341500000.0,,359900000.0,0.3479,0.247,EFX
2013-09-30 00:00:00,2259199900.0,786600000.0,1472600000.0,739800000.0,549299900.0,,-61600000.0,67100000.0,487700000.0,178700000.0,309000000.0,321400000.0,2.71,0.6518,0.2431,0.2159,0.1423,0.1978,734499900.0,549300000.0,2.44,0.16,2.7259,0.17,2.5,309000000.0,20200000.0,329200000.0,0.3251,0.2324,EFX
2013-06-30 00:00:00,2207199900.0,778200000.0,1429000000.0,727900000.0,529799900.0,,-56400000.0,63200000.0,473400000.0,171400000.0,302000000.0,315800000.0,2.63,0.6474,0.24,0.2145,0.1431,0.1967,703099900.0,529800000.0,2.4,0.17,2.692,0.18,2.45,302000000.0,21800000.0,323800000.0,0.3185,0.2273,EFX
2013-03-31 00:00:00,2133599900.0,767200000.0,1366400000.0,698200000.0,500699900.0,,-53800000.0,59300000.0,446900000.0,160700000.0,286200000.0,301700000.0,2.52,0.6404,0.2347,0.2095,0.1414,0.2108,670899900.0,500700000.0,2.27,0.19,2.5842,0.2,2.31,286200000.0,24100000.0,310300000.0,0.3144,0.241,EFX
2012-12-31 00:00:00,2072999900.0,759500000.0,1313500000.0,673500000.0,479999900.0,,-48700000.0,55400000.0,431300000.0,156000000.0,275300000.0,272100000.0,2.28,0.6336,0.2315,0.2081,0.1313,0.2076,643399900.0,480000000.0,2.18,0.04,2.342,0.05,2.22,275300000.0,5500000.0,280800000.0,0.3104,0.2394,EFX
