Date,Revenue,Cost of Revenue,Gross Profit,R&D Expenses,SG&A Expenses,Operating Income,Interest Expense (Operating),Non-operating Income/Expense,Non-operating Interest Expenses,EBT,Income Tax Provision,Income after Tax,Net Income Common,EPS (Basic),Gross Margin,EBIT Margin,EBT margin,Net Profit Margin,Free Cash Flow Margin,EBITDA,EBIT,"EPS (Diluted, from Cont. Ops)","EPS (Diluted, from Disc. Ops)","EPS (Basic, Consolidated)","EPS (Basic, from Discontinued Ops)","EPS (Basic, from Continuous Ops)",Income from Continuous Operations,Income from Discontinued Operations,Consolidated Net Income/Loss,EBITDA Margin,Operating Cash Flow Margin,Ticker
2022-09-30 00:00:00,10865000000.0,8608000000.0,2257000000.0,267000000.0,762000000.0,1106000000.0,172000000.0,519000000.0,49000000.0,1478000000.0,304000000.0,1174000000.0,1170000000.0,9.1,0.2077,0.1018,0.136,0.1077,0.0262,1716000000.0,1106000000.0,9.0865,,9.2113,,9.2113,1174000000.0,,1174000000.0,0.1579,0.0873,EMN
2022-06-30 00:00:00,10894000000.0,8506000000.0,2388000000.0,265000000.0,790000000.0,1209000000.0,175000000.0,443000000.0,48000000.0,1518000000.0,291000000.0,1227000000.0,1220000000.0,9.2,0.2192,0.111,0.1393,0.112,0.0566,1827000000.0,1209000000.0,9.2092,,9.3401,,9.3401,1227000000.0,,1227000000.0,0.1677,0.1137,EMN
2022-03-31 00:00:00,10773000000.0,8330000000.0,2443000000.0,261000000.0,807000000.0,1214000000.0,187000000.0,-194000000.0,54000000.0,1030000000.0,204000000.0,826000000.0,818000000.0,6.1,0.2268,0.1127,0.0956,0.0759,0.0765,1907000000.0,1214000000.0,6.1164,,6.2212,,6.2212,826000000.0,,826000000.0,0.177,0.1318,EMN
2021-12-31 00:00:00,10473000000.0,7974000000.0,2499000000.0,254000000.0,795000000.0,1281000000.0,192000000.0,-281000000.0,103000000.0,1082000000.0,215000000.0,867000000.0,857000000.0,6.31,0.2386,0.1223,0.1033,0.0818,0.0994,2039000000.0,1281000000.0,6.3238,,6.427,,6.427,867000000.0,,867000000.0,0.1947,0.1546,EMN
2021-09-30 00:00:00,9968000000.0,7510000000.0,2458000000.0,244000000.0,761000000.0,1329000000.0,195000000.0,-659000000.0,153000000.0,578000000.0,57000000.0,521000000.0,511000000.0,3.73,0.2466,0.1333,0.058,0.0513,0.1148,1846000000.0,1329000000.0,3.7841,,3.8479,,3.8479,521000000.0,,521000000.0,0.1852,0.16,EMN
2021-06-30 00:00:00,9370000000.0,7064000000.0,2306000000.0,234000000.0,725000000.0,1142000000.0,199000000.0,-695000000.0,204000000.0,447000000.0,115000000.0,332000000.0,321000000.0,2.36,0.2461,0.1219,0.0477,0.0343,0.1157,1725000000.0,1142000000.0,2.4108,,2.451,,2.451,332000000.0,,332000000.0,0.1841,0.159,EMN
2021-03-31 00:00:00,8641000000.0,6645000000.0,1996000000.0,223000000.0,678000000.0,758000000.0,203000000.0,-205000000.0,208000000.0,553000000.0,47000000.0,506000000.0,494000000.0,3.63,0.231,0.0877,0.064,0.0572,0.1282,1342000000.0,758000000.0,3.6908,,3.7323,,3.7323,506000000.0,,506000000.0,0.1553,0.1736,EMN
2020-12-31 00:00:00,8473000000.0,6498000000.0,1975000000.0,226000000.0,654000000.0,741000000.0,205000000.0,-211000000.0,210000000.0,530000000.0,41000000.0,489000000.0,478000000.0,3.52,0.2331,0.0875,0.0626,0.0564,0.125,1315000000.0,741000000.0,3.5825,,3.6088,,3.6088,489000000.0,,489000000.0,0.1552,0.1717,EMN
2020-09-30 00:00:00,8492000000.0,6546000000.0,1946000000.0,229000000.0,656000000.0,730000000.0,207000000.0,-216000000.0,212000000.0,514000000.0,32000000.0,482000000.0,472000000.0,3.48,0.2292,0.086,0.0605,0.0556,0.1553,1308000000.0,730000000.0,3.5463,,3.564,,3.564,482000000.0,,482000000.0,0.154,0.2025,EMN
2020-06-30 00:00:00,8695000000.0,6676000000.0,2019000000.0,232000000.0,654000000.0,854000000.0,,-217000000.0,214000000.0,637000000.0,53000000.0,584000000.0,577000000.0,4.24,0.2322,0.0982,0.0733,0.0664,0.145,1434000000.0,854000000.0,4.2733,,4.2963,,4.2963,584000000.0,,584000000.0,0.1649,0.1948,EMN
2020-03-31 00:00:00,9134000000.0,6897000000.0,2237000000.0,237000000.0,664000000.0,1170000000.0,,-216000000.0,214000000.0,954000000.0,141000000.0,813000000.0,808000000.0,5.91,0.2449,0.1281,0.1044,0.0885,0.1373,1765000000.0,1170000000.0,5.9149,,5.9541,,5.9541,813000000.0,,813000000.0,0.1932,0.1839,EMN
2019-12-31 00:00:00,9273000000.0,7039000000.0,2234000000.0,234000000.0,691000000.0,1120000000.0,,-218000000.0,218000000.0,902000000.0,140000000.0,762000000.0,759000000.0,5.51,0.2409,0.1208,0.0973,0.0819,0.1157,1731000000.0,1120000000.0,5.5019,,5.5459,,5.5459,762000000.0,,762000000.0,0.1867,0.1622,EMN
2019-09-30 00:00:00,9444000000.0,7241000000.0,2203000000.0,233000000.0,682000000.0,1240000000.0,,-276000000.0,222000000.0,964000000.0,194000000.0,770000000.0,767000000.0,5.57,0.2333,0.1313,0.1021,0.0812,0.1189,1855000000.0,1240000000.0,5.5713,,5.6054,,5.6054,770000000.0,,770000000.0,0.1964,0.1666,EMN
2019-06-30 00:00:00,9666000000.0,7309000000.0,2357000000.0,234000000.0,694000000.0,1396000000.0,,-286000000.0,226000000.0,1110000000.0,194000000.0,916000000.0,913000000.0,6.55,0.2438,0.1444,0.1148,0.0945,0.1112,2011000000.0,1396000000.0,6.534,,6.591,,6.591,916000000.0,,916000000.0,0.208,0.1606,EMN
2019-03-31 00:00:00,9924000000.0,7452000000.0,2472000000.0,237000000.0,718000000.0,1507000000.0,,-283000000.0,232000000.0,1224000000.0,221000000.0,1003000000.0,999000000.0,7.1,0.2491,0.1519,0.1233,0.1007,0.108,2114000000.0,1507000000.0,7.0748,,7.1498,,7.1498,1003000000.0,,1003000000.0,0.213,0.1585,EMN
2018-12-31 00:00:00,10151000000.0,7672000000.0,2479000000.0,235000000.0,721000000.0,1552000000.0,,-242000000.0,235000000.0,1310000000.0,226000000.0,1084000000.0,1080000000.0,7.63,0.2442,0.1529,0.1291,0.1064,0.1005,2156000000.0,1552000000.0,7.5858,,7.677,,7.677,1084000000.0,,1084000000.0,0.2124,0.152,EMN
2018-09-30 00:00:00,10137000000.0,7667000000.0,2470000000.0,229000000.0,743000000.0,1619000000.0,,-194000000.0,237000000.0,1425000000.0,-115000000.0,1540000000.0,1537000000.0,11.43,0.2437,0.1597,0.1406,0.1516,0.0859,2217000000.0,1619000000.0,10.6759,,10.8151,,10.8151,1540000000.0,,1540000000.0,0.2187,0.1429,EMN
2018-06-30 00:00:00,10055000000.0,7642000000.0,2413000000.0,228000000.0,748000000.0,1556000000.0,,-187000000.0,240000000.0,1369000000.0,-82000000.0,1451000000.0,1448000000.0,10.74,0.24,0.1547,0.1362,0.144,0.0976,2151000000.0,1556000000.0,10.0024,,10.123,,10.123,1451000000.0,,1451000000.0,0.2139,0.1573,EMN
2018-03-31 00:00:00,9853000000.0,7514000000.0,2339000000.0,226000000.0,740000000.0,1496000000.0,,-198000000.0,240000000.0,1298000000.0,-101000000.0,1399000000.0,1396000000.0,10.33,0.2374,0.1518,0.1317,0.1417,0.0953,2090000000.0,1496000000.0,9.6078,,9.7081,,9.7081,1399000000.0,,1399000000.0,0.2121,0.1593,EMN
2017-12-31 00:00:00,9549000000.0,7186000000.0,2363000000.0,227000000.0,729000000.0,1530000000.0,,-241000000.0,241000000.0,1289000000.0,-99000000.0,1388000000.0,1384000000.0,10.2,0.2475,0.1602,0.135,0.1449,0.107,2117000000.0,1530000000.0,9.5004,,9.5856,,9.5856,1388000000.0,,1388000000.0,0.2217,0.1735,EMN
2017-09-30 00:00:00,9375000000.0,6972000000.0,2403000000.0,234000000.0,709000000.0,1536000000.0,,-320000000.0,246000000.0,1216000000.0,201000000.0,1015000000.0,1009000000.0,7.03,0.2563,0.1638,0.1297,0.1076,0.0803,2120000000.0,1536000000.0,6.9338,,6.9887,,6.9887,1015000000.0,,1015000000.0,0.2261,0.1494,EMN
2017-06-30 00:00:00,9197000000.0,6844000000.0,2353000000.0,229000000.0,710000000.0,1432000000.0,,-330000000.0,249000000.0,1102000000.0,178000000.0,924000000.0,918000000.0,6.36,0.2558,0.1557,0.1198,0.0998,0.071,2013000000.0,1432000000.0,6.2792,,6.3263,,6.3263,924000000.0,,924000000.0,0.2189,0.1439,EMN
2017-03-31 00:00:00,9075000000.0,6747000000.0,2328000000.0,226000000.0,703000000.0,1387000000.0,,-320000000.0,251000000.0,1067000000.0,180000000.0,887000000.0,881000000.0,6.08,0.2565,0.1528,0.1176,0.0971,0.0852,1965000000.0,1387000000.0,5.997,,6.0417,,6.0417,887000000.0,,887000000.0,0.2165,0.1527,EMN
2016-12-31 00:00:00,9008000000.0,6651000000.0,2357000000.0,223000000.0,707000000.0,1389000000.0,,-340000000.0,255000000.0,1049000000.0,190000000.0,859000000.0,854000000.0,5.88,0.2617,0.1542,0.1165,0.0948,0.0888,1969000000.0,1389000000.0,5.7884,,5.8316,,5.8316,859000000.0,,859000000.0,0.2186,0.1538,EMN
2016-09-30 00:00:00,9045000000.0,6676000000.0,2369000000.0,233000000.0,752000000.0,1303000000.0,,-250000000.0,256000000.0,1053000000.0,187000000.0,866000000.0,862000000.0,5.83,0.2619,0.1441,0.1164,0.0953,0.107,1881000000.0,1303000000.0,5.8187,,5.8619,,5.8619,866000000.0,,866000000.0,0.208,0.1735,EMN
2016-06-30 00:00:00,9205000000.0,6762000000.0,2443000000.0,238000000.0,754000000.0,1379000000.0,,-262000000.0,258000000.0,1117000000.0,226000000.0,891000000.0,886000000.0,5.99,0.2654,0.1498,0.1213,0.0963,0.0986,1954000000.0,1379000000.0,5.9688,,6.0152,,6.0152,891000000.0,,891000000.0,0.2123,0.1615,EMN
2016-03-31 00:00:00,9441000000.0,6883000000.0,2558000000.0,240000000.0,774000000.0,1472000000.0,,-276000000.0,261000000.0,1196000000.0,263000000.0,933000000.0,928000000.0,6.26,0.2709,0.1559,0.1267,0.0983,0.1009,2045000000.0,1472000000.0,6.2388,,6.2885,,6.2885,933000000.0,,933000000.0,0.2166,0.1678,EMN
2015-12-31 00:00:00,9648000000.0,7068000000.0,2580000000.0,242000000.0,771000000.0,1384000000.0,,-255000000.0,263000000.0,1129000000.0,275000000.0,854000000.0,848000000.0,5.71,0.2674,0.1434,0.117,0.0879,0.1012,1955000000.0,1384000000.0,5.701,,5.747,,5.747,854000000.0,,854000000.0,0.2026,0.1683,EMN
2015-09-30 00:00:00,9772000000.0,7368000000.0,2404000000.0,234000000.0,801000000.0,1239000000.0,,-256000000.0,253000000.0,983000000.0,237000000.0,746000000.0,740000000.0,4.99,0.246,0.1268,0.1006,0.0757,0.0949,1790000000.0,1239000000.0,4.9779,,5.0307,,5.0194,746000000.0,,746000000.0,0.1832,0.157,EMN
2015-06-30 00:00:00,9738000000.0,7393000000.0,2345000000.0,231000000.0,789000000.0,1145000000.0,,-217000000.0,232000000.0,928000000.0,228000000.0,700000000.0,694000000.0,4.67,0.2408,0.1176,0.0953,0.0713,0.1157,1665000000.0,1145000000.0,4.6456,,4.7202,,4.6932,700000000.0,,700000000.0,0.171,0.1772,EMN
2015-03-31 00:00:00,9665000000.0,7383000000.0,2282000000.0,230000000.0,767000000.0,1112000000.0,,-188000000.0,211000000.0,924000000.0,231000000.0,693000000.0,689000000.0,4.63,0.2361,0.1151,0.0956,0.0713,0.101,1600000000.0,1112000000.0,4.5696,,4.6747,,4.6211,693000000.0,,695000000.0,0.1655,0.1608,EMN
2014-12-31 00:00:00,9527000000.0,7306000000.0,2221000000.0,227000000.0,755000000.0,1162000000.0,,-172000000.0,187000000.0,990000000.0,235000000.0,755000000.0,751000000.0,5.02,0.2331,0.122,0.1039,0.0788,0.0895,1612000000.0,1162000000.0,4.95,0.02,5.0636,,5.01,755000000.0,,757000000.0,0.1692,0.1504,EMN
2014-09-30 00:00:00,9443000000.0,6761000000.0,2682000000.0,210000000.0,646000000.0,1697000000.0,,-160000000.0,175000000.0,1537000000.0,450000000.0,1087000000.0,1081000000.0,7.17,0.284,0.1797,0.1628,0.1145,0.0934,2132000000.0,1697000000.0,7.0368,0.02,7.2128,0.01,7.1494,1087000000.0,2000000.0,1089000000.0,0.2258,0.1538,EMN
2014-06-30 00:00:00,9368000000.0,6633000000.0,2735000000.0,202000000.0,634000000.0,1838000000.0,,-165000000.0,174000000.0,1673000000.0,489000000.0,1184000000.0,1179000000.0,7.76,0.292,0.1962,0.1786,0.1259,0.0828,2270000000.0,1838000000.0,7.6168,0.03,7.7936,0.03,7.7394,1184000000.0,4000000.0,1186000000.0,0.2423,0.1408,EMN
2014-03-31 00:00:00,9348000000.0,6593000000.0,2755000000.0,197000000.0,642000000.0,1830000000.0,,-174000000.0,175000000.0,1656000000.0,498000000.0,1158000000.0,1151000000.0,7.51,0.2947,0.1958,0.1772,0.1231,0.0796,2260000000.0,1830000000.0,7.3868,,7.5498,,7.5094,1158000000.0,,1158000000.0,0.2418,0.135,EMN
2013-12-31 00:00:00,9350000000.0,6574000000.0,2776000000.0,193000000.0,645000000.0,1862000000.0,,-183000000.0,180000000.0,1679000000.0,507000000.0,1172000000.0,1165000000.0,7.57,0.2969,0.1991,0.1796,0.1246,0.0871,2295000000.0,1862000000.0,7.44,,7.6104,,7.57,1172000000.0,,1172000000.0,0.2455,0.1387,EMN
2013-09-30 00:00:00,9254000000.0,6947000000.0,2307000000.0,210000000.0,734000000.0,1256000000.0,,-181000000.0,185000000.0,1075000000.0,304000000.0,771000000.0,765000000.0,4.96,0.2493,0.1357,0.1162,0.0827,0.081,1690000000.0,1256000000.0,4.7826,0.01,4.8988,0.01,4.8662,771000000.0,1000000.0,771000000.0,0.1826,0.1333,EMN
2013-06-30 00:00:00,9175000000.0,7032000000.0,2143000000.0,214000000.0,748000000.0,1040000000.0,,-178000000.0,189000000.0,862000000.0,243000000.0,619000000.0,611000000.0,3.97,0.2336,0.1134,0.094,0.0666,0.0749,1478000000.0,1040000000.0,3.8026,,3.9191,,3.8762,619000000.0,,619000000.0,0.1611,0.1264,EMN
2013-03-31 00:00:00,8588000000.0,6641000000.0,1947000000.0,206000000.0,689000000.0,929000000.0,,-180000000.0,171000000.0,749000000.0,218000000.0,531000000.0,526000000.0,3.56,0.2267,0.1082,0.0872,0.0612,0.0746,1330000000.0,929000000.0,3.3726,,3.4997,,3.4462,531000000.0,,533000000.0,0.1549,0.1297,EMN
2012-12-31 00:00:00,8102000000.0,6340000000.0,1762000000.0,198000000.0,644000000.0,800000000.0,,-151000000.0,143000000.0,649000000.0,206000000.0,443000000.0,437000000.0,3.11,0.2175,0.0987,0.0801,0.0539,0.0812,1160000000.0,800000000.0,2.92,0.0131,3.0515,0.02,2.99,443000000.0,,444000000.0,0.1432,0.1392,EMN
