Date,Revenue,Cost of Revenue,Gross Profit,SG&A Expenses,Operating Income,Interest Expense (Operating),Non-operating Income/Expense,Non-operating Interest Expenses,EBT,Income Tax Provision,Income after Tax,Net Income Common,EPS (Basic),Gross Margin,EBIT Margin,EBT margin,Net Profit Margin,Free Cash Flow Margin,EBITDA,EBIT,"EPS (Diluted, from Cont. Ops)","EPS (Diluted, from Disc. Ops)","EPS (Basic, Consolidated)","EPS (Basic, from Discontinued Ops)","EPS (Basic, from Continuous Ops)",Income from Continuous Operations,Income from Discontinued Operations,Consolidated Net Income/Loss,EBITDA Margin,Operating Cash Flow Margin,Ticker
2022-09-30 00:00:00,19629000000.0,11837000000.0,7792000000.0,4248000000.0,4393000000.0,211000000.0,1036000000.0,71000000.0,4085000000.0,855000000.0,3230000000.0,3231000000.0,5.41,0.397,0.2238,0.2081,0.1646,0.122,4583000000.0,4393000000.0,5.4168,,5.4477,,5.4477,3230000000.0,,3230000000.0,0.2335,0.1491,EMR
2022-06-30 00:00:00,19215000000.0,11700000000.0,7515000000.0,4166000000.0,4154000000.0,200000000.0,1083000000.0,21000000.0,4009000000.0,813000000.0,3196000000.0,3161000000.0,5.29,0.3911,0.2162,0.2086,0.1645,0.1038,4320000000.0,4154000000.0,5.347,,5.3784,,5.3784,3196000000.0,,3196000000.0,0.2248,0.1332,EMR
2022-03-31 00:00:00,18906000000.0,11394000000.0,7512000000.0,4187000000.0,4018000000.0,179000000.0,332000000.0,47000000.0,3598000000.0,721000000.0,2877000000.0,2867000000.0,4.79,0.3973,0.2125,0.1903,0.1516,0.1238,4263000000.0,4018000000.0,4.8015,,4.8307,,4.8307,2877000000.0,,2877000000.0,0.2255,0.1547,EMR
2021-12-31 00:00:00,18546000000.0,11047000000.0,7499000000.0,4192000000.0,3923000000.0,165000000.0,220000000.0,81000000.0,3524000000.0,754000000.0,2770000000.0,2754000000.0,4.59,0.4043,0.2115,0.19,0.1485,0.1464,4263000000.0,3923000000.0,4.6122,,4.6406,,4.6406,2770000000.0,,2770000000.0,0.2299,0.1774,EMR
2021-09-30 00:00:00,18235000000.0,10762000000.0,7473000000.0,4179000000.0,3384000000.0,166000000.0,-329000000.0,118000000.0,2912000000.0,585000000.0,2327000000.0,2303000000.0,3.83,0.4098,0.1856,0.1597,0.1263,0.1642,4263000000.0,3384000000.0,3.8668,,3.8906,,3.8906,2327000000.0,,2327000000.0,0.2338,0.1961,EMR
2021-06-30 00:00:00,17847000000.0,10398000000.0,7449000000.0,4071000000.0,3378000000.0,167000000.0,-529000000.0,155000000.0,2849000000.0,466000000.0,2383000000.0,2356000000.0,3.91,0.4174,0.1893,0.1596,0.132,0.1899,4321000000.0,3378000000.0,3.9535,,3.9778,,3.9778,2383000000.0,,2383000000.0,0.2421,0.2213,EMR
2021-03-31 00:00:00,17064000000.0,9979000000.0,7085000000.0,3932000000.0,3153000000.0,176000000.0,-630000000.0,163000000.0,2523000000.0,366000000.0,2157000000.0,2128000000.0,3.54,0.4152,0.1848,0.1479,0.1247,0.1847,4068000000.0,3153000000.0,3.5805,,3.6015,,3.6015,2157000000.0,,2157000000.0,0.2384,0.216,EMR
2020-12-31 00:00:00,16795000000.0,9822000000.0,6973000000.0,3861000000.0,3112000000.0,176000000.0,-637000000.0,161000000.0,2475000000.0,362000000.0,2113000000.0,2084000000.0,3.45,0.4152,0.1853,0.1474,0.1241,0.1739,3999000000.0,3112000000.0,3.4958,,3.5166,,3.5166,2113000000.0,,2113000000.0,0.2381,0.2064,EMR
2020-09-30 00:00:00,16785000000.0,9776000000.0,7009000000.0,3986000000.0,3023000000.0,175000000.0,-688000000.0,156000000.0,2335000000.0,345000000.0,1990000000.0,1965000000.0,3.24,0.4176,0.1801,0.1391,0.1171,0.1516,3877000000.0,3023000000.0,3.2805,,3.3007,,3.3007,1990000000.0,,1990000000.0,0.231,0.1837,EMR
2020-06-30 00:00:00,17198000000.0,9943000000.0,7255000000.0,4149000000.0,3106000000.0,,-710000000.0,156000000.0,2396000000.0,412000000.0,1984000000.0,1959000000.0,3.2,0.4219,0.1806,0.1393,0.1139,0.1471,3950000000.0,3106000000.0,3.2409,,3.2621,,3.2621,1984000000.0,,1984000000.0,0.2297,0.1778,EMR
2020-03-31 00:00:00,17968000000.0,10330000000.0,7638000000.0,4341000000.0,3297000000.0,,-592000000.0,154000000.0,2705000000.0,516000000.0,2189000000.0,2164000000.0,3.5,0.4251,0.1835,0.1505,0.1204,0.1456,4135000000.0,3297000000.0,3.5513,,3.5765,,3.5765,2189000000.0,,2189000000.0,0.2301,0.176,EMR
2019-12-31 00:00:00,18376000000.0,10563000000.0,7813000000.0,4503000000.0,3310000000.0,,-619000000.0,166000000.0,2691000000.0,501000000.0,2190000000.0,2167000000.0,3.5,0.4252,0.1801,0.1464,0.1179,0.139,4141000000.0,3310000000.0,3.5431,,3.5688,,3.5688,2190000000.0,,2190000000.0,0.2253,0.1691,EMR
2019-09-30 00:00:00,18372000000.0,10557000000.0,7815000000.0,4457000000.0,3358000000.0,,-499000000.0,174000000.0,2859000000.0,531000000.0,2328000000.0,2306000000.0,3.71,0.4254,0.1828,0.1556,0.1255,0.1313,4180000000.0,3358000000.0,3.7513,,3.778,,3.778,2328000000.0,,2328000000.0,0.2275,0.1636,EMR
2019-06-30 00:00:00,18289000000.0,10543000000.0,7746000000.0,4529000000.0,3217000000.0,,-446000000.0,180000000.0,2771000000.0,545000000.0,2226000000.0,2206000000.0,3.52,0.4235,0.1759,0.1515,0.1206,0.1164,4027000000.0,3217000000.0,3.5627,,3.5861,,3.5861,2226000000.0,,2226000000.0,0.2202,0.1545,EMR
2019-03-31 00:00:00,18061000000.0,10374000000.0,7687000000.0,4461000000.0,3226000000.0,,-454000000.0,176000000.0,2772000000.0,439000000.0,2333000000.0,2314000000.0,3.67,0.4256,0.1786,0.1535,0.1281,0.1167,4012000000.0,3226000000.0,3.71,,3.7322,,3.7322,2333000000.0,,2333000000.0,0.2221,0.1553,EMR
2018-12-31 00:00:00,17739000000.0,10160000000.0,7579000000.0,4351000000.0,3228000000.0,,-473000000.0,164000000.0,2755000000.0,458000000.0,2297000000.0,2276000000.0,3.59,0.4273,0.182,0.1553,0.1283,0.1179,4001000000.0,3228000000.0,3.6295,,3.6502,,3.6502,2297000000.0,,2297000000.0,0.2255,0.156,EMR
2018-09-30 00:00:00,17408000000.0,9976000000.0,7432000000.0,4269000000.0,3163000000.0,,-496000000.0,159000000.0,2667000000.0,443000000.0,2224000000.0,2203000000.0,3.46,0.4269,0.1817,0.1532,0.1266,0.1307,3921000000.0,3163000000.0,3.5007,,3.5191,,3.5191,2224000000.0,,2224000000.0,0.2252,0.1661,EMR
2018-06-30 00:00:00,16955000000.0,9751000000.0,7204000000.0,4074000000.0,3130000000.0,,-516000000.0,152000000.0,2614000000.0,510000000.0,2104000000.0,2090000000.0,3.27,0.4249,0.1846,0.1542,0.1233,0.1316,3869000000.0,3130000000.0,3.29,,3.3294,,3.3028,2104000000.0,,2112000000.0,0.2282,0.1605,EMR
2018-03-31 00:00:00,16538000000.0,9598000000.0,6940000000.0,3947000000.0,2993000000.0,,-526000000.0,152000000.0,2467000000.0,663000000.0,1804000000.0,1791000000.0,2.79,0.4196,0.181,0.1492,0.1083,0.1191,3724000000.0,2993000000.0,2.784,,2.8482,,2.7904,1804000000.0,,1818000000.0,0.2252,0.1479,EMR
2017-12-31 00:00:00,15864000000.0,9184000000.0,6680000000.0,3780000000.0,2900000000.0,,-526000000.0,157000000.0,2374000000.0,675000000.0,1699000000.0,1601000000.0,2.48,0.4211,0.1828,0.1496,0.1009,0.1039,3580000000.0,2900000000.0,2.5951,,2.5413,,2.5974,1699000000.0,,1629000000.0,0.2257,0.1337,EMR
2017-09-30 00:00:00,15264000000.0,8833000000.0,6431000000.0,3607000000.0,2824000000.0,,-489000000.0,165000000.0,2335000000.0,660000000.0,1675000000.0,1518000000.0,2.35,0.4213,0.185,0.153,0.0994,0.0941,3460000000.0,2824000000.0,2.54,-0.19,2.4139,-0.19,2.54,1675000000.0,-125000000.0,1550000000.0,0.2267,0.1253,EMR
2017-06-30 00:00:00,14761000000.0,8448000000.0,6313000000.0,3476000000.0,2837000000.0,,-513000000.0,175000000.0,2324000000.0,665000000.0,1659000000.0,1452000000.0,2.25,0.4277,0.1922,0.1574,0.0984,0.1063,3433000000.0,2837000000.0,2.51,-0.2631,2.3094,-0.2631,2.51,1659000000.0,-174000000.0,1485000000.0,0.2326,0.1365,EMR
2017-03-31 00:00:00,14396000000.0,8168000000.0,6228000000.0,3397000000.0,2831000000.0,,-472000000.0,182000000.0,2359000000.0,668000000.0,1691000000.0,1518000000.0,2.35,0.4326,0.1967,0.1639,0.1054,0.1149,3396000000.0,2831000000.0,2.56,-0.2131,2.4096,-0.2131,2.56,1691000000.0,-142000000.0,1549000000.0,0.2359,0.1448,EMR
2016-12-31 00:00:00,14401000000.0,8188000000.0,6213000000.0,3407000000.0,2806000000.0,,-460000000.0,187000000.0,2346000000.0,664000000.0,1682000000.0,1595000000.0,2.47,0.4314,0.1948,0.1629,0.1108,0.1534,3373000000.0,2806000000.0,2.55,-0.08,2.5307,-0.08,2.55,1682000000.0,-56000000.0,1626000000.0,0.2342,0.1828,EMR
2016-09-30 00:00:00,14522000000.0,8260000000.0,6262000000.0,3464000000.0,2798000000.0,,-482000000.0,188000000.0,2316000000.0,697000000.0,1619000000.0,1635000000.0,2.52,0.4312,0.1927,0.1595,0.1126,0.1676,3366000000.0,2798000000.0,2.45,0.07,2.5838,0.07,2.46,1619000000.0,45000000.0,1664000000.0,0.2318,0.1984,EMR
2016-06-30 00:00:00,10349000000.0,5472000000.0,4877000000.0,2345000000.0,3571000000.0,,-1287000000.0,188000000.0,2284000000.0,693000000.0,1591000000.0,1845000000.0,2.82,0.4713,0.3451,0.2207,0.1783,0.2563,3957000000.0,3571000000.0,2.3693,0.3631,2.8856,0.3631,2.3748,1591000000.0,263000000.0,1870000000.0,0.3824,0.2923,EMR
2016-03-31 00:00:00,12178000000.0,6660000000.0,5518000000.0,2769000000.0,3788000000.0,,-1364000000.0,182000000.0,2424000000.0,710000000.0,1714000000.0,1930000000.0,2.92,0.4531,0.3111,0.199,0.1585,0.1944,4235000000.0,3788000000.0,2.5474,0.3131,2.9865,0.3131,2.5571,1714000000.0,229000000.0,1955000000.0,0.3478,0.2304,EMR
2015-12-31 00:00:00,13999000000.0,7857000000.0,6142000000.0,3209000000.0,3972000000.0,,-496000000.0,176000000.0,3476000000.0,1158000000.0,2318000000.0,2534000000.0,3.77,0.4387,0.2837,0.2483,0.181,0.1386,4482000000.0,3972000000.0,3.4085,0.3,3.8371,0.31,3.4249,2318000000.0,224000000.0,2557000000.0,0.3202,0.1747,EMR
2015-09-30 00:00:00,16249000000.0,9241000000.0,7008000000.0,3735000000.0,4312000000.0,,-505000000.0,175000000.0,3807000000.0,1267000000.0,2540000000.0,2710000000.0,3.99,0.4313,0.2654,0.2343,0.1668,0.1195,4885000000.0,4312000000.0,3.71,,4.0591,,3.72,2540000000.0,,2733000000.0,0.3006,0.1556,EMR
2015-06-30 00:00:00,16493000000.0,9320000000.0,7173000000.0,3901000000.0,3272000000.0,,552000000.0,175000000.0,3824000000.0,1273000000.0,2551000000.0,2472000000.0,3.59,0.4349,0.1984,0.2319,0.1499,0.1359,3831000000.0,3272000000.0,3.6521,,3.6619,,3.6728,2551000000.0,,2497000000.0,0.2323,0.172,EMR
2015-03-31 00:00:00,17302000000.0,9725000000.0,7577000000.0,4049000000.0,3528000000.0,,572000000.0,181000000.0,4100000000.0,1385000000.0,2715000000.0,2636000000.0,3.78,0.4379,0.2039,0.237,0.1524,0.1585,4090000000.0,3528000000.0,3.8433,,3.8545,,3.8654,2715000000.0,,2661000000.0,0.2364,0.1939,EMR
2014-12-31 00:00:00,17714000000.0,9908000000.0,7806000000.0,4125000000.0,3681000000.0,,-368000000.0,188000000.0,3313000000.0,1023000000.0,2290000000.0,2210000000.0,3.13,0.4407,0.2078,0.187,0.1248,0.1665,4248000000.0,3681000000.0,3.1978,,3.2062,,3.2171,2290000000.0,,2236000000.0,0.2398,0.2016,EMR
2014-09-30 00:00:00,17733000000.0,9971000000.0,7762000000.0,4164000000.0,3598000000.0,,-407000000.0,196000000.0,3191000000.0,953000000.0,2238000000.0,2147000000.0,3.03,0.4377,0.2029,0.1799,0.1211,0.1715,4167000000.0,3598000000.0,3.1099,,3.1191,,3.13,2238000000.0,,2184000000.0,0.235,0.2082,EMR
2014-06-30 00:00:00,24542000000.0,14469000000.0,10073000000.0,5694000000.0,4354000000.0,,-641000000.0,203000000.0,3713000000.0,1136000000.0,2577000000.0,2532000000.0,3.55,0.4104,0.1774,0.1513,0.1032,0.1188,5205000000.0,4354000000.0,3.6321,,3.6552,,3.6552,2577000000.0,,2577000000.0,0.2121,0.152,EMR
2014-03-31 00:00:00,24574000000.0,14571000000.0,10003000000.0,5666000000.0,3809000000.0,,-657000000.0,208000000.0,3152000000.0,1099000000.0,2053000000.0,1998000000.0,2.79,0.4071,0.155,0.1283,0.0813,0.119,5132000000.0,3809000000.0,2.8791,,2.8988,,2.8988,2053000000.0,,2053000000.0,0.2088,0.1506,EMR
2013-12-31 00:00:00,24722000000.0,14741000000.0,9981000000.0,5698000000.0,3755000000.0,,-589000000.0,218000000.0,3166000000.0,1089000000.0,2077000000.0,2012000000.0,2.79,0.4037,0.1519,0.1281,0.0814,0.1208,5073000000.0,3755000000.0,2.8904,,2.9115,,2.9115,2077000000.0,,2077000000.0,0.2052,0.1497,EMR
2013-09-30 00:00:00,24669000000.0,14717000000.0,9952000000.0,5648000000.0,3776000000.0,,-580000000.0,218000000.0,3196000000.0,1130000000.0,2066000000.0,2004000000.0,2.76,0.4034,0.1531,0.1296,0.0812,0.1204,5091000000.0,3776000000.0,2.8579,,2.8787,,2.8787,2066000000.0,,2066000000.0,0.2064,0.1479,EMR
2013-06-30 00:00:00,24557000000.0,14660000000.0,9897000000.0,5601000000.0,3201000000.0,,-593000000.0,219000000.0,2608000000.0,1050000000.0,1558000000.0,1491000000.0,2.05,0.403,0.1303,0.1062,0.0607,0.1156,5022000000.0,3201000000.0,2.1471,,2.161,,2.161,1558000000.0,,1558000000.0,0.2045,0.1431,EMR
2013-03-31 00:00:00,24697000000.0,14740000000.0,9957000000.0,5543000000.0,3822000000.0,,-570000000.0,219000000.0,3252000000.0,1121000000.0,2131000000.0,2067000000.0,2.82,0.4032,0.1548,0.1317,0.0837,0.1091,5178000000.0,3822000000.0,2.9226,,2.94,,2.94,2131000000.0,,2131000000.0,0.2097,0.1365,EMR
2012-12-31 00:00:00,24656000000.0,14736000000.0,9920000000.0,5476000000.0,3852000000.0,,-617000000.0,220000000.0,3235000000.0,1126000000.0,2109000000.0,2051000000.0,2.79,0.4023,0.1562,0.1312,0.0832,0.1147,5205000000.0,3852000000.0,2.8803,,2.8966,,2.8966,2109000000.0,,2109000000.0,0.2111,0.1497,EMR
