Date,Revenue,Cost of Revenue,Gross Profit,R&D Expenses,SG&A Expenses,Operating Income,Interest Expense (Operating),Non-operating Income/Expense,Non-operating Interest Expenses,EBT,Income Tax Provision,Income after Tax,Net Income Common,EPS (Basic),Gross Margin,EBIT Margin,EBT margin,Net Profit Margin,Free Cash Flow Margin,EBITDA,EBIT,"EPS (Diluted, from Cont. Ops)","EPS (Basic, Consolidated)","EPS (Basic, from Continuous Ops)",Income from Continuous Operations,Consolidated Net Income/Loss,EBITDA Margin,Operating Cash Flow Margin,Ticker
2022-09-30 00:00:00,29034000000.0,13032000000.0,16002000000.0,241000000.0,11125000000.0,9641000000.0,175000000.0,4515000000.0,175000000.0,9541000000.0,2074000000.0,7467000000.0,7467000000.0,12.73,0.5511,0.3321,0.3286,0.2572,0.2256,17752000000.0,9641000000.0,12.7306,12.8161,12.8161,7467000000.0,7467000000.0,0.6114,0.3725,EOG
2022-06-30 00:00:00,26660000000.0,12506000000.0,14154000000.0,236000000.0,8391000000.0,7448000000.0,182000000.0,4947000000.0,182000000.0,7307000000.0,1599000000.0,5708000000.0,5708000000.0,9.75,0.5309,0.2794,0.2741,0.2141,0.158,16008000000.0,7448000000.0,9.7436,9.8054,9.8054,5708000000.0,5708000000.0,0.6005,0.309,EOG
2022-03-31 00:00:00,22112000000.0,11247000000.0,13473000000.0,229000000.0,6906000000.0,5716000000.0,179000000.0,3362000000.0,179000000.0,5549000000.0,1172000000.0,4377000000.0,4377000000.0,7.5,0.6093,0.2585,0.2509,0.1979,0.1879,12888000000.0,5716000000.0,7.4906,7.5304,7.5304,4377000000.0,4377000000.0,0.5829,0.3504,EOG
2021-12-31 00:00:00,19028000000.0,10761000000.0,13311000000.0,225000000.0,6193000000.0,6102000000.0,178000000.0,466000000.0,178000000.0,5933000000.0,1269000000.0,4664000000.0,4664000000.0,8.0,0.6995,0.3207,0.3118,0.2451,0.2718,10474000000.0,6102000000.0,7.9863,8.0275,8.0275,4664000000.0,4664000000.0,0.5505,0.462,EOG
2021-09-30 00:00:00,16056000000.0,10258000000.0,13194000000.0,181000000.0,5301000000.0,4062000000.0,193000000.0,356000000.0,193000000.0,3862000000.0,846000000.0,3016000000.0,3016000000.0,5.19,0.8217,0.253,0.2405,0.1878,0.2009,8252000000.0,4062000000.0,5.1714,5.1977,5.1977,3016000000.0,3016000000.0,0.514,0.4202,EOG
2021-06-30 00:00:00,13044000000.0,9366000000.0,13044000000.0,184000000.0,6455000000.0,2588000000.0,198000000.0,-208000000.0,198000000.0,2380000000.0,501000000.0,1879000000.0,1879000000.0,3.24,1.0,0.1984,0.1825,0.1441,0.214,6095000000.0,2588000000.0,3.2239,3.2405,3.2405,1879000000.0,1879000000.0,0.4673,0.4419,EOG
2021-03-31 00:00:00,10008000000.0,8491000000.0,10008000000.0,163000000.0,5644000000.0,330000000.0,207000000.0,-219000000.0,207000000.0,111000000.0,49000000.0,62000000.0,62000000.0,0.11,1.0,0.033,0.0111,0.0062,0.177,3630000000.0,330000000.0,0.0991,0.105,0.105,62000000.0,62000000.0,0.3627,0.429,EOG
2020-12-31 00:00:00,11032000000.0,8987000000.0,11032000000.0,159000000.0,5917000000.0,-544000000.0,205000000.0,-195000000.0,205000000.0,-739000000.0,-134000000.0,-605000000.0,-605000000.0,-1.04,1.0,-0.0493,-0.067,-0.0548,0.1573,2856000000.0,-544000000.0,-1.0449,-1.0449,-1.0449,-605000000.0,-605000000.0,0.2589,0.454,EOG
2020-09-30 00:00:00,12387273000.0,9692000000.0,12387273000.0,154613000.0,6726177000.0,-168260300.0,193000000.0,-167799000.0,192566000.0,-336059000.0,-30670000.0,-305389000.0,-305389200.0,-0.52,1.0,-0.0136,-0.0271,-0.0247,0.1611,3321244000.0,-168260500.0,-0.5342,-0.5287,-0.5287,-305389000.0,-305389000.0,0.2681,0.4597,EOG
2020-06-30 00:00:00,14444728000.0,,14444728000.0,162291000.0,7788123000.0,662698900.0,,-148301000.0,179186000.0,514398000.0,162665000.0,351732900.0,351732800.0,0.61,1.0,0.0459,0.0356,0.0244,0.1185,4282800000.0,662698700.0,0.5965,0.6083,0.6083,351732900.0,351732900.0,0.2965,0.4529,EOG
2020-03-31 00:00:00,18039358000.0,,18039358000.0,171582000.0,9098257000.0,2880469900.0,,-131706000.0,175094000.0,2748764000.0,639190000.0,2109573800.0,2109573800.0,3.65,1.0,0.1597,0.1524,0.1169,0.1763,6750875000.0,2880469700.0,3.6294,3.6482,3.6482,2109573800.0,2109573800.0,0.3742,0.5067,EOG
2019-12-31 00:00:00,17380000000.0,,17380000000.0,168000000.0,9245000000.0,3699000200.0,,-154000000.0,185000000.0,3545000000.0,810000000.0,2734999800.0,2734999800.0,4.73,1.0,0.2128,0.204,0.1574,0.1082,7449000000.0,3699000000.0,4.7073,4.7318,4.7318,2734999800.0,2734999800.0,0.4286,0.4697,EOG
2019-09-30 00:00:00,17634262000.0,,17634262000.0,165394000.0,9324162000.0,3958399500.0,,-156001000.0,200454000.0,3802399000.0,811242000.0,2991156700.0,2991156900.0,5.18,1.0,0.2245,0.2156,0.1696,0.1325,7668858000.0,3958399500.0,5.155,5.1819,5.1819,2991156700.0,2991156700.0,0.4349,0.4787,EOG
2019-06-30 00:00:00,18112431000.0,,18112431000.0,139897000.0,9245175000.0,4637127300.0,,-185823000.0,224466000.0,4451305000.0,884318000.0,3566986800.0,3566986900.0,6.18,1.0,0.256,0.2458,0.1969,0.1265,8312169000.0,4637127300.0,6.1447,6.1805,6.1805,3566986800.0,3566986800.0,0.4589,0.4731,EOG
2019-03-31 00:00:00,17652878000.0,,17652878000.0,155986000.0,9104425000.0,4471287500.0,,-216413000.0,238002000.0,4254875000.0,838998000.0,3415876900.0,3415876900.0,5.92,1.0,0.2533,0.241,0.1935,0.0809,8037699000.0,4471287500.0,5.884,5.9216,5.9216,3415876900.0,3415876900.0,0.4553,0.4432,EOG
2018-12-31 00:00:00,17275398000.0,,17275398000.0,154404000.0,8869220000.0,4469345600.0,,-228348000.0,245052000.0,4240998000.0,821958000.0,3419039900.0,3419039900.0,5.93,1.0,0.2587,0.2455,0.1979,0.1111,7904753000.0,4469345600.0,5.8904,5.9298,5.9298,3419039900.0,3419039900.0,0.4576,0.4497,EOG
2018-09-30 00:00:00,16041303000.0,,16041303000.0,147870000.0,8359748000.0,3822119000.0,,-256107000.0,252394000.0,3566011000.0,-1390729000.0,4956740000.0,4956740000.0,8.6,1.0,0.2383,0.2223,0.309,0.0765,7219308000.0,3822118500.0,8.5498,8.6112,8.6112,4956740000.0,4956740000.0,0.45,0.4371,EOG
2018-06-30 00:00:00,13904523000.0,,13904523000.0,145535000.0,7580052000.0,2530267900.0,,-264639000.0,257844000.0,2265628000.0,-1600701000.0,3866329000.0,3866329000.0,6.71,1.0,0.182,0.1629,0.2781,0.0407,5855499000.0,2530267400.0,6.6756,6.723,6.723,3866329000.0,3866329000.0,0.4211,0.4159,EOG
2018-03-31 00:00:00,12278918000.0,,12278918000.0,127893000.0,6765176000.0,1693244400.0,,-258085000.0,264813000.0,1435159000.0,-1757492000.0,3192651000.0,3192651000.0,5.54,1.0,0.1379,0.1169,0.26,0.0394,5035185700.0,1693243900.0,5.515,5.5538,5.5538,3192651000.0,3192651000.0,0.4101,0.4006,EOG
2017-12-31 00:00:00,11208321000.0,,11208321000.0,149951000.0,6243340000.0,926401800.0,,-265220000.0,274372000.0,661182000.0,-1921397000.0,2582579000.0,2582579000.0,4.48,1.0,0.0827,0.059,0.2304,0.0328,4335788600.0,926401300.0,4.4628,4.4944,4.4944,2582579000.0,2582579000.0,0.3868,0.3806,EOG
2017-09-30 00:00:00,10269920000.0,,10269920000.0,161781000.0,5749226000.0,345002100.0,,-291184000.0,282335000.0,53819000.0,44060000.0,9758900.0,9758900.0,0.01,1.0,0.0336,0.0052,0.001,0.0767,3735168200.0,345002100.0,0.0254,0.0272,0.0272,9758900.0,9758900.0,0.3637,0.3644,EOG
2017-06-30 00:00:00,9743580000.0,,9743580000.0,166780000.0,5448601000.0,-63313800.0,,-301098000.0,284111000.0,-364411000.0,-83629000.0,-280782100.0,-280782100.0,-0.51,1.0,-0.0065,-0.0374,-0.0288,0.1247,3380141300.0,-63313800.0,-0.4951,-0.4945,-0.4945,-280782100.0,-280782100.0,0.3469,0.3634,EOG
2017-03-31 00:00:00,8906848000.0,,8906848000.0,162429000.0,5041414000.0,-479394600.0,,-327761000.0,284806000.0,-807155000.0,-210762000.0,-596393100.0,-596393100.0,-1.08,1.0,-0.0538,-0.0906,-0.067,0.1312,2961167500.0,-479394600.0,-1.0695,-1.0691,-1.0691,-596393100.0,-596393100.0,0.3325,0.3329,EOG
2016-12-31 00:00:00,7650632000.0,,7650632000.0,135610000.0,4566619000.0,-1225281300.0,,-332224000.0,281681000.0,-1557505000.0,-460819000.0,-1096686100.0,-1096686100.0,-1.99,1.0,-0.1602,-0.2036,-0.1433,0.117,2328135700.0,-1225281300.0,-1.9817,-1.9817,-1.9817,-1096686100.0,-1096686100.0,0.3043,0.3083,EOG
2016-09-30 00:00:00,7045354000.0,,7045354000.0,131682000.0,4412377000.0,-1449547400.0,,-312774000.0,273349000.0,-1762321200.0,-523691100.0,-1238630100.0,-1238630100.0,-2.26,1.0,-0.2057,-0.2501,-0.1758,-0.0012,2010802700.0,-1449547400.0,-2.2678,-2.2678,-2.2678,-1238630100.0,-1238630100.0,0.2854,0.308,EOG
2016-06-30 00:00:00,7099278000.0,,7099278000.0,127379000.0,4547990000.0,-7479024400.0,,-285968000.0,263062000.0,-7764992200.0,-2640623100.0,-5124369100.0,-5124369100.0,-9.38,1.0,-1.0535,-1.0938,-0.7218,-0.0728,-4196013400.0,-7479024400.0,-9.3868,-9.3868,-9.3868,-5124369100.0,-5124369100.0,-0.591,0.3581,EOG
2016-03-31 00:00:00,7793239000.0,,7793239000.0,140196000.0,4858794000.0,-7151225300.0,,-244968000.0,252438000.0,-7396193200.0,-2569650100.0,-4826543100.0,-4826543100.0,-8.84,1.0,-0.9176,-0.9491,-0.6193,-0.1176,-3821478300.0,-7151225300.0,-8.8427,-8.8426,-8.8426,-4826543100.0,-4826543100.0,-0.4904,0.3755,EOG
2015-12-31 00:00:00,8757428000.0,,8757428000.0,164240000.0,5352077000.0,-6686079000.0,,-235477000.0,237393000.0,-6921556200.0,-2397041100.0,-4524515100.0,-4524515100.0,-8.29,1.0,-0.7635,-0.7904,-0.5166,-0.1399,-3372435000.0,-6686079000.0,-8.2913,-8.2912,-8.2912,-4524515100.0,-4524515100.0,-0.3851,0.4105,EOG
2015-09-30 00:00:00,11606164000.0,,11606164000.0,192257000.0,6004452000.0,-5129673600.0,,-244463000.0,224135000.0,-5374137000.0,-1578506000.0,-3795630900.0,-3795631000.0,-6.95,1.0,-0.442,-0.463,-0.327,-0.0401,-1571556600.0,-5129674600.0,-6.9543,-6.9509,-6.9509,-3795630900.0,-3795630900.0,-0.1354,0.4385,EOG
2015-06-30 00:00:00,14552352000.0,,14552352000.0,226029000.0,6841781000.0,2879445400.0,,-263541000.0,213268000.0,2615904000.0,1232178000.0,1383726100.0,1383726000.0,2.55,1.0,0.1979,0.1798,0.0951,-0.0019,6755408400.0,2879444400.0,2.5198,2.5437,2.5437,1383726100.0,1383726100.0,0.4642,0.4326,EOG
2015-03-31 00:00:00,16270207000.0,,16270207000.0,230591000.0,7392079000.0,3984549400.0,,-256354000.0,204651000.0,3728195000.0,1643384000.0,2084811100.0,2084811000.0,3.84,1.0,0.2449,0.2291,0.1281,0.0002,7947887400.0,3984548400.0,3.7976,3.8346,3.8346,2084811100.0,2084811100.0,0.4885,0.4513,EOG
2014-12-31 00:00:00,18035340000.0,,18035340000.0,232878000.0,7820023000.0,5241823000.0,,-246508000.0,201458000.0,4995315000.0,2079828000.0,2915487100.0,2915487000.0,5.37,1.0,0.2906,0.277,0.1617,0.0539,9238864000.0,5241822000.0,5.315,5.3649,5.3649,2915487100.0,2915487100.0,0.5123,0.4796,EOG
2014-09-30 00:00:00,17138867000.0,,17138867000.0,215259000.0,7712297000.0,4995494500.0,,-229691000.0,204233000.0,4765804100.0,1714711000.0,3051092800.0,3051092800.0,5.62,1.0,0.2915,0.2781,0.178,0.0501,8893863000.0,4995494000.0,5.5607,5.6194,5.6194,3051092800.0,3051092800.0,0.5189,0.4983,EOG
2014-06-30 00:00:00,15561647000.0,,15561647000.0,208922000.0,7238650000.0,3979101500.0,,-206863000.0,213911000.0,3772239100.0,1362266000.0,2409972800.0,2409972800.0,4.445,1.0,0.2557,0.2424,0.1549,0.046,7766252000.0,3979101000.0,4.3977,4.4456,4.4456,2409972800.0,2409972800.0,0.4991,0.528,EOG
2014-03-31 00:00:00,15214276000.0,,15214276000.0,244229000.0,6995797000.0,3926415500.0,,-219760000.0,223691000.0,3706656100.0,1343344000.0,2363311800.0,2363311800.0,4.365,1.0,0.2581,0.2436,0.1553,0.0793,7627495000.0,3926415000.0,4.3197,4.3666,4.3666,2363311800.0,2363311800.0,0.5013,0.5371,EOG
2013-12-31 00:00:00,14487119000.0,,14487119000.0,236001000.0,6687989000.0,3675210500.0,,-238325000.0,235460000.0,3436886100.0,1239777000.0,2197108800.0,2197108800.0,4.065,1.0,0.2537,0.2372,0.1517,0.0711,7276187000.0,3675210000.0,4.0223,4.0661,4.0661,2197108800.0,2197108800.0,0.5023,0.5059,EOG
2013-09-30 00:00:00,13749906000.0,,13749906000.0,240853000.0,6522236000.0,2316826000.0,,-244844000.0,242304000.0,2071982000.0,960066000.0,1111916000.0,1111916000.0,2.055,1.0,0.1685,0.1507,0.0809,0.0242,5788889000.0,2316825700.0,2.0279,2.0482,2.0482,1111916000.0,1111916000.0,0.421,0.4768,EOG
2013-06-30 00:00:00,13163365000.0,,13163365000.0,229753000.0,6236808000.0,2152804100.0,,-242188000.0,236076000.0,1910616000.0,905707000.0,1004909000.0,1004909000.0,1.865,1.0,0.1635,0.1451,0.0763,0.0025,5521918000.0,2152803800.0,1.8385,1.8566,1.8566,1004909000.0,1004909000.0,0.4195,0.4542,EOG
2013-03-31 00:00:00,12232499000.0,,12232499000.0,205910000.0,5815006000.0,1753099200.0,,-231474000.0,225204000.0,1521625000.0,780630000.0,740995000.0,740995000.0,1.385,1.0,0.1433,0.1244,0.0606,-0.0064,5020447000.0,1753098900.0,1.3621,1.3765,1.3765,740995000.0,740995000.0,0.4104,0.4565,EOG
2012-12-31 00:00:00,11682636000.0,,11682636000.0,200539000.0,5561862000.0,1479797200.0,,-199057000.0,213552000.0,1280740000.0,710461000.0,570279000.0,570279000.0,1.075,1.0,0.1267,0.1096,0.0488,-0.0692,4649500000.0,1479796900.0,1.0531,1.0657,1.0657,570279000.0,570279000.0,0.398,0.4483,EOG
