Date,Revenue,Cost of Revenue,Gross Profit,SG&A Expenses,Operating Income,Non-operating Income/Expense,Non-operating Interest Expenses,Investment Gain/Loss (Other),Income (Other),EBT,Income Tax Provision,Income after Tax,Net Income Common,EPS (Basic),Gross Margin,EBIT Margin,EBT margin,Net Profit Margin,Free Cash Flow Margin,EBITDA,EBIT,"EPS (Diluted, from Cont. Ops)","EPS (Diluted, from Disc. Ops)","EPS (Basic, Consolidated)","EPS (Basic, from Discontinued Ops)","EPS (Basic, from Continuous Ops)",Income from Continuous Operations,Income from Discontinued Operations,Consolidated Net Income/Loss,EBITDA Margin,Operating Cash Flow Margin,Ticker
2022-09-30 00:00:00,2664019000.0,986605000.0,1694001900.0,60437000.0,1515565900.0,-137895000.0,295819000.0,-3826000.0,,1207406000.0,961000.0,1206444900.0,1141775000.0,3.04,0.6359,0.5689,0.4532,0.4286,0.6403,2444650900.0,1515566200.0,3.0932,,3.2089,,3.2089,1202618900.0,,1202619000.0,0.9177,0.5248,EQR
2022-06-30 00:00:00,2594854000.0,973609000.0,1635104900.0,60106000.0,1623108900.0,-133010000.0,291486000.0,-3955000.0,,1319834000.0,1093000.0,1318740900.0,1250701000.0,3.33,0.6301,0.6255,0.5086,0.482,0.4146,2550613800.0,1623109200.0,3.3841,,3.5122,,3.5122,1314785900.0,,1314786000.0,0.983,0.5276,EQR
2022-03-31 00:00:00,2504135000.0,958447000.0,1561295900.0,58361000.0,1690018900.0,-105514000.0,286536000.0,-3048000.0,,1414240000.0,1044000.0,1413195900.0,1342987000.0,3.58,0.6235,0.6749,0.5648,0.5363,0.3333,2594983800.0,1690019200.0,3.6324,,3.7706,,3.7706,1410147900.0,,1410148000.0,1.0363,0.5103,EQR
2021-12-31 00:00:00,2458284000.0,948792000.0,1515204900.0,56506000.0,1675840900.0,-177751000.0,281210000.0,-3393000.0,,1401022000.0,915000.0,1400106900.0,1329760000.0,3.54,0.6164,0.6817,0.5699,0.5409,0.363,2550645800.0,1675841200.0,3.599,,3.7362,,3.7362,1396713900.0,,1396714000.0,1.0376,0.5109,EQR
2021-09-30 00:00:00,2428323100.0,936894000.0,1495408100.0,54195000.0,1390563900.0,-321187000.0,328315000.0,30372000.0,,1069377100.0,1029000.0,1068348000.0,1055642000.0,2.82,0.6158,0.5726,0.4404,0.4347,0.48,2260424800.0,1390563900.0,2.8376,,2.9417,,2.9417,1098720000.0,,1098720000.0,0.9309,0.4967,EQR
2021-06-30 00:00:00,2431529100.0,928286000.0,1503243100.0,52013000.0,1051419900.0,-334942000.0,340991000.0,31282000.0,,716478100.0,1007000.0,715471000.0,714977000.0,1.91,0.6182,0.4324,0.2947,0.294,0.511,1909892900.0,1051419900.0,1.9331,,2.003,,2.003,746753000.0,,746753000.0,0.7855,0.4962,EQR
2021-03-31 00:00:00,2487002100.0,921782000.0,1565220100.0,49170000.0,1031464900.0,-370820000.0,355924000.0,30501000.0,,660645100.0,952000.0,659693000.0,659479000.0,1.77,0.6294,0.4147,0.2656,0.2652,0.6195,1897498000.0,1031464900.0,1.7907,,1.8556,,1.8556,690194000.0,,690194000.0,0.763,0.4942,EQR
2020-12-31 00:00:00,2571705100.0,916385000.0,1655320100.0,48305000.0,1317989900.0,-385587000.0,374012000.0,30950000.0,,932403100.0,852000.0,931551000.0,910546000.0,2.45,0.6437,0.5125,0.3626,0.3541,0.756,2199678000.0,1317989900.0,2.4944,,2.5888,,2.5888,962501000.0,,962501000.0,0.8553,0.4921,EQR
2020-09-30 00:00:00,2641972900.0,919581000.0,1722391900.0,48842000.0,1370119900.0,-368386000.0,357908000.0,-3439000.0,,1001734000.0,-2528000.0,1004262000.0,947454000.0,2.55,0.6519,0.5186,0.3792,0.3586,0.6494,2253045000.0,1370119900.0,2.5901,,2.6948,,2.6948,1000823000.0,,1000823000.0,0.8528,0.5288,EQR
2020-06-30 00:00:00,2704659900.0,915499000.0,1789160900.0,49400000.0,1556047900.0,-372823000.0,363750000.0,-2446000.0,,1183225000.0,-2525000.0,1185750000.0,1123274000.0,3.03,0.6615,0.5753,0.4375,0.4153,0.584,2441688100.0,1556047900.0,3.0609,,3.1878,,3.1878,1183304000.0,,1183304000.0,0.9028,0.5181,EQR
2020-03-31 00:00:00,2720501900.0,916677000.0,1803824900.0,51894000.0,1568275900.0,-405158000.0,392303000.0,67538000.0,,1163118000.0,-2466000.0,1165584000.0,1171354000.0,3.16,0.663,0.5765,0.4275,0.4306,0.4577,2463874000.0,1568275900.0,3.1896,,3.3252,,3.3252,1233122000.0,,1233122000.0,0.9057,0.5388,EQR
2019-12-31 00:00:00,2700690900.0,908328000.0,1792362900.0,52757000.0,1356159900.0,-416722000.0,401746000.0,67989000.0,,939438000.0,-2281000.0,941719000.0,967287000.0,2.61,0.6637,0.5022,0.3479,0.3582,0.2309,2243562000.0,1356159900.0,2.6135,,2.7255,,2.7255,1009708000.0,,1009708000.0,0.8307,0.5395,EQR
2019-09-30 00:00:00,2668978000.0,900824000.0,1768154000.0,53520000.0,1165953100.0,-402604000.0,392602000.0,68301000.0,,763349000.0,860000.0,762489000.0,794710000.0,2.15,0.6625,0.4369,0.286,0.2978,0.2171,2036696100.0,1165953100.0,2.1519,,2.2446,,2.2446,830790000.0,,830790000.0,0.7631,0.5269,EQR
2019-06-30 00:00:00,2636725000.0,896548000.0,1740177000.0,54743000.0,1137018100.0,-425922000.0,418280000.0,66569000.0,,711096000.0,875000.0,710221000.0,742541000.0,2.01,0.66,0.4312,0.2697,0.2816,0.2427,2013990000.0,1137018100.0,2.0169,,2.1034,,2.1034,776790000.0,,776790000.0,0.7638,0.5164,EQR
2019-03-31 00:00:00,2607159000.0,888982000.0,1718177000.0,52916000.0,985504100.0,-408291000.0,401961000.0,-2409000.0,,577213000.0,903000.0,576310000.0,547175000.0,1.49,0.659,0.378,0.2214,0.2099,0.197,1836909000.0,985504100.0,1.4935,,1.5576,,1.5576,573901000.0,,573901000.0,0.7046,0.525,EQR
2018-12-31 00:00:00,2577681000.0,879634000.0,1698047000.0,53813000.0,1114617100.0,-425867000.0,424670000.0,-2680000.0,,688750000.0,878000.0,687872000.0,654445000.0,1.78,0.6587,0.4324,0.2672,0.2539,0.385,1957265000.0,1114617100.0,1.7857,,1.8616,,1.8616,685192000.0,,685192000.0,0.7593,0.5262,EQR
2018-09-30 00:00:00,2556395000.0,862050000.0,1694345000.0,53278000.0,1267909000.0,-429507100.0,427898000.0,-3218000.0,,838402000.0,535000.0,837867000.0,662699000.0,1.8,0.6628,0.496,0.328,0.2592,0.3934,2109697000.0,1267909000.0,1.8075,,1.8835,,1.8835,692888000.0,,692888000.0,0.8253,0.5241,EQR
2018-06-30 00:00:00,2527650000.0,851543000.0,1676107000.0,53205000.0,1146292000.0,-405507100.0,406612000.0,-2631000.0,,740785000.0,483000.0,740302000.0,585992000.0,1.59,0.6631,0.4535,0.2931,0.2318,0.3075,1958967000.0,1146292000.0,1.6009,,1.6682,,1.6682,613238000.0,,613238000.0,0.775,0.5508,EQR
2018-03-31 00:00:00,2500322000.0,843241000.0,1657081000.0,54329000.0,1139239000.0,-399815100.0,403693000.0,-3300000.0,,739424000.0,429000.0,738995000.0,668430000.0,1.81,0.6627,0.4556,0.2957,0.2673,0.39,1937301000.0,1139239000.0,1.8256,,1.903,,1.903,698988000.0,,698988000.0,0.7748,0.5291,EQR
2017-12-31 00:00:00,2471406000.0,826269000.0,1645137000.0,52224000.0,1004528000.0,-391466100.0,392416000.0,15797000.0,157057000.0,613062000.0,478000.0,612584000.0,600363000.0,1.63,0.6657,0.4065,0.2481,0.2429,0.2846,1783014000.0,1004528000.0,1.642,,1.7124,,1.7124,628381000.0,,628381000.0,0.7215,0.5122,EQR
2017-09-30 00:00:00,2446191000.0,818245000.0,1627946000.0,50798000.0,856777100.0,-386248000.0,393589000.0,15944000.0,314945100.0,470529000.0,1134000.0,469395000.0,752170800.0,2.05,0.6655,0.3502,0.1924,0.3075,0.3911,1610680100.0,856777100.0,2.0722,,2.1757,,2.0985,800283800.0,,800677900.0,0.6584,0.558,EQR
2017-06-30 00:00:00,2428143000.0,813652000.0,1614491000.0,50626000.0,848364100.0,-389480000.0,388993000.0,28129000.0,387653100.0,458884000.0,1332000.0,457552000.0,822256800.0,2.25,0.6649,0.3494,0.189,0.3386,0.5282,1597068100.0,848364100.0,2.2557,,2.3785,,2.2756,873333800.0,,873973900.0,0.6577,0.5346,EQR
2017-03-31 00:00:00,2410817000.0,799957000.0,1610860000.0,55296000.0,843832100.0,-330085000.0,384499000.0,28034000.0,357283100.0,513747000.0,1525000.0,512222000.0,845055800.0,2.32,0.6682,0.35,0.2131,0.3505,0.4853,1588912100.0,843832100.0,2.3122,,2.4476,,2.319,897538800.0,,898213900.0,0.6591,0.5461,EQR
2016-12-31 00:00:00,2425800000.0,806225000.0,1619575000.0,57840000.0,856086100.0,-439474000.0,494879000.0,20532000.0,4044055100.0,416612000.0,1613000.0,414999000.0,4289071800.0,11.77,0.6676,0.3529,0.1717,1.7681,2.922,1601488100.0,856086100.0,11.68,0.0013,12.2742,0.0015,11.75,4479585800.0,518000.0,4480103900.0,0.6602,0.5005,EQR
2016-09-30 00:00:00,2523504000.0,833701000.0,1689803000.0,61454000.0,919073900.0,-458949000.0,509924000.0,22242000.0,3910313000.0,460125000.0,1408000.0,458717000.0,4215584000.0,11.57,0.6696,0.3642,0.1823,1.6705,2.6017,1665429900.0,919074000.0,11.47,0.0004,12.0445,0.0005,11.56,4391272000.0,171000.0,4391443000.0,0.66,0.4409,EQR
2016-06-30 00:00:00,2613719000.0,856064000.0,1757655000.0,64256000.0,967294900.0,-483213000.0,538216000.0,9414000.0,3887216000.0,484082000.0,1311000.0,482771000.0,4203900000.0,11.54,0.6725,0.3701,0.1852,1.6084,2.4943,1728416900.0,967295000.0,11.44,0.0,12.0139,0.0,11.53,4379401000.0,6000.0,4379407000.0,0.6613,0.4425,EQR
2016-03-31 00:00:00,2697677000.0,884267000.0,1813410000.0,61619000.0,1007531900.0,-558110000.0,562803000.0,22680000.0,3978662000.0,449422000.0,1224000.0,448198000.0,4271420000.0,11.73,0.6722,0.3735,0.1666,1.5834,2.4281,1784857900.0,1007532000.0,11.63,0.0002,12.2098,0.0002,11.72,4449540000.0,85000.0,4449625000.0,0.6616,0.4486,EQR
2015-12-31 00:00:00,2744965000.0,905168000.0,1839797000.0,64664000.0,1009237900.0,-450858000.0,455288000.0,15024000.0,335134000.0,558380000.0,917000.0,557463000.0,863277000.0,2.38,0.6702,0.3677,0.2034,0.3145,0.2514,1796821900.0,1009238000.0,2.36,0.001,2.4981,0.001,2.37,907621000.0,397000.0,908018000.0,0.6546,0.4942,EQR
2015-09-30 00:00:00,2706432000.0,899792000.0,1806640000.0,60001000.0,972981000.0,-451028000.0,454450000.0,20067000.0,379833000.0,521953000.0,946000.0,521007000.0,876991000.0,2.42,0.6675,0.3595,0.1929,0.324,0.3976,1769704100.0,972981000.0,2.39,0.0011,2.5388,0.0011,2.42,920907000.0,432000.0,921339000.0,0.6539,0.5074,EQR
2015-06-30 00:00:00,2674221000.0,892720000.0,1781501000.0,54772000.0,958661000.0,-458519000.0,458424000.0,20984000.0,426535000.0,500142000.0,877000.0,499265000.0,901839000.0,2.49,0.6662,0.3585,0.187,0.3372,0.4064,1748456100.0,958661000.0,2.47,0.0007,2.6134,0.0007,2.49,946784000.0,289000.0,947073000.0,0.6538,0.5159,EQR
2015-03-31 00:00:00,2647677000.0,890174000.0,1757503000.0,52865000.0,940715900.0,-468391000.0,464078000.0,1726000.0,292636000.0,472325000.0,1197000.0,471128000.0,727906000.0,2.01,0.6638,0.3553,0.1784,0.2749,0.3477,1725265000.0,940715900.0,2.0,0.0018,2.1181,0.0018,2.01,765490000.0,685000.0,766175000.0,0.6516,0.5042,EQR
2014-12-31 00:00:00,2614748000.0,887857000.0,1726891000.0,50679000.0,921643900.0,-473159000.0,468548000.0,-2675000.0,212685000.0,448485000.0,1394000.0,447091000.0,627163000.0,1.74,0.6604,0.3525,0.1715,0.2399,0.2505,1697629000.0,921643900.0,1.72,0.0042,1.8237,0.0043,1.73,657101000.0,1582000.0,658683000.0,0.6493,0.5064,EQR
2014-09-30 00:00:00,2589222000.0,889706000.0,1699516000.0,56458000.0,894545900.0,-514103000.0,511741100.0,-8714000.0,128544000.0,380443000.0,990000.0,379453000.0,520399900.0,1.45,0.6564,0.3455,0.1469,0.201,0.1453,1548300900.0,894545800.0,1.33,-0.002,1.4048,-0.0019,1.33,499283000.0,48229000.0,547512000.0,0.598,0.4311,EQR
2014-06-30 00:00:00,2551773000.0,884428000.0,1667345000.0,60927000.0,771667900.0,-516547000.0,515232100.0,-14236000.0,14903000.0,255121000.0,1222000.0,253899000.0,675847900.0,1.89,0.6534,0.3024,0.1,0.2649,0.3973,1504430900.0,771667800.0,0.68,1.1243,1.8538,1.1244,0.68,254566000.0,453473000.0,708039000.0,0.5896,0.4195,EQR
2014-03-31 00:00:00,2516422000.0,877909000.0,1638513000.0,63260000.0,607335000.0,-526484000.0,523477100.0,-1002000.0,,80851000.0,1004000.0,79847000.0,887916900.0,2.48,0.6511,0.2413,0.0321,0.3528,0.7046,1468451000.0,607334900.0,0.21,2.2219,2.4638,2.222,0.21,78845000.0,848206000.0,927051000.0,0.5835,0.4023,EQR
2013-12-31 00:00:00,2387702000.0,834228000.0,1553474000.0,62179000.0,512322000.0,-633398000.0,609051100.0,-45929000.0,,-121076000.0,1169000.0,-122245000.0,1826467900.0,5.27,0.6506,0.2146,-0.0507,0.7649,2.0081,1412165900.0,512321900.0,-0.47,5.8525,5.3778,5.8525,-0.47,-168174000.0,2073527000.0,1905353000.0,0.5914,0.3639,EQR
2013-09-30 00:00:00,2149572000.0,751859000.0,1397713000.0,57088000.0,416743900.0,-526175000.0,573488000.0,-45581000.0,,-109431000.0,1234000.0,-110665000.0,2082507000.0,6.14,0.6502,0.1939,-0.0509,0.9688,2.4081,1423344900.0,416743900.0,-0.42,6.7474,6.4253,6.8483,-0.42,-156246000.0,2330128000.0,2173882000.0,0.6622,0.4426,EQR
2013-06-30 00:00:00,1974642000.0,696117000.0,1278525000.0,52734000.0,439279900.0,-448978000.0,565660000.0,-39938000.0,,-9698000.0,964000.0,-10662000.0,1924955000.0,5.82,0.6475,0.2225,-0.0049,0.9748,2.2903,1345161900.0,439279900.0,-0.11,6.0735,6.1209,6.2005,-0.11,-50600000.0,2069088000.0,2018488000.0,0.6812,0.4453,EQR
2013-03-31 00:00:00,1805776000.0,643228000.0,1162548000.0,50040000.0,503862900.0,-448349000.0,557001000.0,-46380000.0,,55514000.0,749000.0,54765000.0,1701029000.0,5.25,0.6438,0.279,0.0307,0.942,2.0918,1264882900.0,503862900.0,0.04,5.3337,5.5454,5.4607,0.04,8385000.0,1781686000.0,1790071000.0,0.7005,0.5568,EQR
2012-12-31 00:00:00,1747502000.0,625507000.0,1121995000.0,47233000.0,514092900.0,-353267000.0,476531000.0,4203000.0,,160826000.0,514000.0,160312000.0,826212000.0,2.71,0.6421,0.2942,0.092,0.4728,0.5204,1226483000.0,514092900.0,0.45,2.2545,2.9112,2.3815,0.45,160298000.0,720906000.0,881204000.0,0.7018,0.5987,EQR
