Date,Revenue,Cost of Revenue,Gross Profit,SG&A Expenses,Operating Income,Interest Expense (Operating),Non-operating Income/Expense,Non-operating Interest Expenses,EBT,Income Tax Provision,Income after Tax,Net Income Common,EPS (Basic),Gross Margin,EBIT Margin,EBT margin,Net Profit Margin,Free Cash Flow Margin,EBITDA,EBIT,"EPS (Diluted, from Cont. Ops)","EPS (Basic, Consolidated)","EPS (Basic, from Continuous Ops)",Income from Continuous Operations,Consolidated Net Income/Loss,EBITDA Margin,Operating Cash Flow Margin,Ticker
2021-12-31 00:00:00,9864000000.0,7040000000.0,2823000000.0,2569671000.0,1993322300.0,582000000.0,320000000.0,25000000.0,1572000000.0,344000000.0,1228047000.0,1221000000.0,3.54,0.2862,0.2021,0.1594,0.1238,0.199,3328000000.0,1993322300.0,3.5634,3.5703,3.5703,1228047000.0,1228000000.0,0.3374,0.199,ES
2021-09-30 00:00:00,9616000000.0,6820000000.0,2795000000.0,2559743900.0,1975233000.0,566000000.0,310000000.0,19000000.0,1558000000.0,365000000.0,1193269900.0,1186000000.0,3.44,0.2907,0.2054,0.162,0.1233,-0.14,3263000000.0,1975232600.0,3.4632,3.4698,3.4698,1193269900.0,1193000000.0,0.3393,0.1775,ES
2021-06-30 00:00:00,9526642000.0,5890254000.0,3635388000.0,2485940900.0,2053132200.0,552000000.0,-34848000.0,146066000.0,1635382000.0,379242000.0,1256363900.0,1249260000.0,3.63,0.3816,0.2155,0.1717,0.1311,-0.1555,3321197100.0,2053131800.0,3.6489,3.656,3.656,1256363900.0,1256140000.0,0.3486,0.1558,ES
2021-03-31 00:00:00,9356770000.0,5050386000.0,4306384000.0,2384381900.0,2035182000.0,541000000.0,-168890000.0,272351000.0,1611995000.0,368743000.0,1244075900.0,1236492000.0,3.61,0.4602,0.2175,0.1723,0.1321,-0.1318,3286764100.0,2035181600.0,3.6261,3.6331,3.6331,1244075900.0,1244252000.0,0.3513,0.1789,ES
2020-12-31 00:00:00,8904496000.0,3895956000.0,5008540000.0,2233036900.0,1988733800.0,538000000.0,-306501000.0,405066000.0,1558504000.0,346619000.0,1212685900.0,1205245000.0,3.56,0.5625,0.2233,0.175,0.1354,-0.1415,3147871000.0,1988733400.0,3.5684,3.579,3.579,1212685900.0,1212885000.0,0.3535,0.189,ES
2020-09-30 00:00:00,8720882000.0,3027074700.0,5693807000.0,2104724000.0,1969569600.0,537000000.0,-424085100.0,536608000.0,1545485100.0,354684000.0,1190801100.0,1183282000.0,3.54,0.6529,0.2258,0.1772,0.1357,-0.1001,3061701500.0,1969569500.0,3.549,3.5631,3.5631,1190801100.0,1190801000.0,0.3511,0.2306,ES
2020-06-30 00:00:00,8553037000.0,2951075700.0,5601961000.0,2078600000.0,1917577700.0,,-427485100.0,537758000.0,1490093100.0,326668000.0,1163425100.0,1155906000.0,3.51,0.655,0.2242,0.1742,0.1351,-0.0986,3004196600.0,1917577600.0,3.5202,3.5382,3.5382,1163425100.0,1163425000.0,0.3512,0.2444,ES
2020-03-31 00:00:00,8484404000.0,2941847700.0,5542556000.0,2077619000.0,1634910700.0,,-410282100.0,536178000.0,1224629100.0,281982000.0,942647100.0,935128000.0,2.86,0.6533,0.1927,0.1443,0.1102,-0.1132,2715646600.0,1634910600.0,2.8736,2.8906,2.8906,942647100.0,942647000.0,0.3201,0.2414,ES
2019-12-31 00:00:00,8526470000.0,3040159700.0,5486310000.0,2074148000.0,1590490900.0,,-400420100.0,533197000.0,1190071100.0,273499000.0,916572100.0,909053000.0,2.82,0.6434,0.1865,0.1396,0.1066,-0.1058,2671148800.0,1590490800.0,2.8381,2.8517,2.8517,916572100.0,916572000.0,0.3133,0.2357,ES
2019-09-30 00:00:00,8511042000.0,3022056900.0,5488986000.0,2079226000.0,1554949500.0,,-394197000.0,525726000.0,1160752000.0,262910000.0,897842000.0,890323000.0,2.78,0.6449,0.1827,0.1364,0.1046,-0.1053,2681112500.0,1554949400.0,2.7965,2.8067,2.8067,897842000.0,897842000.0,0.315,0.2253,ES
2019-06-30 00:00:00,8606670000.0,3134092900.0,5472578000.0,2107973000.0,1511732400.0,,-394432000.0,515711000.0,1117300000.0,248962000.0,868338000.0,860819000.0,2.71,0.6359,0.1756,0.1298,0.1,-0.0742,2642823500.0,1511732300.0,2.7286,2.7346,2.7346,868338000.0,868338000.0,0.3071,0.239,ES
2019-03-31 00:00:00,8576031000.0,3167103900.0,5408928000.0,2070169000.0,1752098400.0,,-383848000.0,509410000.0,1368250000.0,288599000.0,1079651000.0,1072132000.0,3.37,0.6307,0.2043,0.1595,0.125,-0.0649,2860503500.0,1752098300.0,3.3942,3.4012,3.4012,1079651000.0,1079651000.0,0.3335,0.2372,ES
2018-12-31 00:00:00,8448201000.0,3138968900.0,5309233000.0,2064966000.0,1699930300.0,,-370439000.0,498805000.0,1329491000.0,288972000.0,1040519000.0,1033000000.0,3.25,0.6284,0.2012,0.1574,0.1223,-0.0875,2771886400.0,1699930200.0,3.2722,3.2786,3.2786,1040519000.0,1040519000.0,0.3281,0.2167,ES
2018-09-30 00:00:00,8308737000.0,3023095000.0,5285642000.0,2065924000.0,1743721200.0,,-345620000.0,475012000.0,1398100000.0,351469000.0,1046630900.0,1039112000.0,3.27,0.6362,0.2099,0.1683,0.1251,-0.0798,2764484400.0,1743720600.0,3.2915,3.2978,3.2978,1046630900.0,1046631000.0,0.3327,0.232,ES
2018-06-30 00:00:00,8025824000.0,2832580000.0,5193244000.0,2010124000.0,1772951100.0,,-317320000.0,458530000.0,1455630000.0,438009000.0,1017620900.0,1010102000.0,3.18,0.6471,0.2209,0.1814,0.1259,-0.0814,2728646100.0,1772950500.0,3.2003,3.2063,3.2063,1017620900.0,1017621000.0,0.34,0.2242,ES
2018-03-31 00:00:00,7934779000.0,2728369000.0,5206410000.0,2005262000.0,1829805200.0,,-319372000.0,439455000.0,1510432000.0,504829000.0,1005602900.0,998084000.0,3.14,0.6562,0.2306,0.1904,0.1258,-0.0886,2732231200.0,1829804600.0,3.1624,3.1683,3.1683,1005602900.0,1005603000.0,0.3443,0.2178,ES
2017-12-31 00:00:00,7751952000.0,2535271000.0,5216681000.0,1983809000.0,1888250100.0,,-313842000.0,421755000.0,1574407000.0,578892000.0,995514900.0,987996000.0,3.11,0.673,0.2436,0.2031,0.1275,-0.0454,2752038200.0,1888249500.0,3.1303,3.1363,3.1363,995514900.0,995515000.0,0.355,0.2575,ES
2017-09-30 00:00:00,7633062000.0,2454027800.0,5179034000.0,1967326100.0,1863882300.0,,-301877000.0,421869000.0,1562006000.0,574729000.0,987277000.0,979758000.0,3.08,0.6785,0.2442,0.2046,0.1284,-0.0296,2692250200.0,1863882500.0,3.104,3.1101,3.1101,987277000.0,987277000.0,0.3527,0.2664,ES
2017-06-30 00:00:00,7684256000.0,2468061800.0,5216194000.0,1981036100.0,1878500300.0,,-307918000.0,413015000.0,1570583000.0,578357000.0,992226000.0,984707000.0,3.09,0.6788,0.2445,0.2044,0.1281,-0.0169,2695785300.0,1878500500.0,3.1179,3.1246,3.1246,992226000.0,992226000.0,0.3508,0.2765,ES
2017-03-31 00:00:00,7688629000.0,2499617800.0,5189011000.0,1989653100.0,1853714200.0,,-322065000.0,406178000.0,1531650000.0,566524000.0,965126000.0,957607000.0,3.01,0.6749,0.2411,0.1992,0.1245,0.011,2656715200.0,1853714400.0,3.0315,3.0385,3.0385,965126000.0,965126000.0,0.3455,0.2801,ES
2016-12-31 00:00:00,7639129000.0,2500827800.0,5138301000.0,1976206100.0,1841273200.0,,-336456000.0,400961000.0,1504818000.0,554997000.0,949821000.0,942302000.0,2.96,0.6726,0.241,0.197,0.1234,0.0303,2628435100.0,1841273400.0,2.9825,2.9902,2.9902,949821000.0,949821000.0,0.3441,0.2891,ES
2016-09-30 00:00:00,7553755000.0,2539027300.0,5014728000.0,1948138000.0,1807263100.0,,-357303000.0,391353000.0,1449959800.0,547514000.0,902446000.0,894925000.0,2.81,0.6639,0.2393,0.192,0.1185,-0.0229,2545486100.0,1807262900.0,2.8337,2.8416,2.8416,902446000.0,902446000.0,0.337,0.2294,ES
2016-06-30 00:00:00,7447154000.0,2575857300.0,4871297000.0,1936549000.0,1766632100.0,,-358372000.0,384022000.0,1408259800.0,535214000.0,873046000.0,865526000.0,2.72,0.6541,0.2372,0.1891,0.1162,-0.0411,2430657200.0,1766631900.0,2.7418,2.7499,2.7499,873046000.0,873046000.0,0.3264,0.2077,ES
2016-03-31 00:00:00,7497031000.0,2679715300.0,4817316000.0,1917081000.0,1755225100.0,,-345278000.0,375789000.0,1409946800.0,533043000.0,876904000.0,869384000.0,2.73,0.6426,0.2341,0.1881,0.116,-0.0468,2413962200.0,1755224900.0,2.7538,2.7624,2.7624,876904000.0,876904000.0,0.322,0.1924,ES
2015-12-31 00:00:00,7954827000.0,3086905300.0,4867922000.0,1919862000.0,1764164200.0,,-338193000.0,372420000.0,1425970800.0,539967000.0,886004000.0,878485000.0,2.76,0.6119,0.2218,0.1793,0.1104,-0.0365,2452359300.0,1764164000.0,2.7824,2.7921,2.7921,886004000.0,886004000.0,0.3083,0.1802,ES
2015-09-30 00:00:00,8144717000.0,3252365000.0,4892352000.0,1914618000.0,1808988000.0,,-340101000.0,369534000.0,1468887100.0,543079000.0,925808000.0,918289000.0,2.88,0.6007,0.2221,0.1803,0.1127,-0.0079,2484275100.0,1808987900.0,2.908,2.9187,2.9187,925808000.0,925808000.0,0.305,0.1964,ES
2015-06-30 00:00:00,8104144000.0,3266356000.0,4837788000.0,1922150000.0,1780660000.0,,-330686000.0,366738000.0,1449974100.0,525472000.0,924502000.0,916983000.0,2.88,0.597,0.2197,0.1789,0.1131,0.0001,2435594000.0,1780659900.0,2.9059,2.9172,2.9172,924502000.0,924502000.0,0.3005,0.2,ES
2015-03-31 00:00:00,7964697000.0,3205449000.0,4759248000.0,1974611000.0,1662635000.0,,-338295000.0,366974000.0,1324340100.0,479978000.0,844362000.0,836843000.0,2.63,0.5975,0.2088,0.1663,0.1051,0.004,2303732000.0,1662634900.0,2.6562,2.667,2.667,844362000.0,844362000.0,0.2892,0.2071,ES
2014-12-31 00:00:00,7741856000.0,3021550000.0,4720306000.0,1988969000.0,1632849200.0,,-337487000.0,362106000.0,1295362100.0,468297000.0,827065000.0,819546000.0,2.58,0.6097,0.2109,0.1673,0.1059,0.0062,2258210200.0,1632849100.0,2.6056,2.6162,2.6162,827065000.0,827065000.0,0.2917,0.2134,ES
2014-09-30 00:00:00,7638465000.0,2919954100.0,4718511000.0,2036287900.0,1563241700.0,,-333033000.0,360326000.0,1230208000.0,447355000.0,782852900.0,775334000.0,2.45,0.6177,0.2047,0.1611,0.1015,0.0511,2226087600.0,1563241400.0,2.4689,2.4783,2.4783,782852900.0,782853000.0,0.2914,0.2475,ES
2014-06-30 00:00:00,7638523000.0,2849204100.0,4789319000.0,2072867900.0,1521593500.0,,-333686000.0,358064000.0,1187907000.0,430167000.0,757739900.0,750221000.0,2.37,0.627,0.1992,0.1555,0.0982,0.0407,2272909500.0,1521593200.0,2.3927,2.4011,2.4011,757739900.0,757740000.0,0.2976,0.2345,ES
2014-03-31 00:00:00,7596771000.0,2713295100.0,4883476000.0,2045463900.0,1578179500.0,,-328623000.0,352419000.0,1249556000.0,447999000.0,801556900.0,793875000.0,2.51,0.6428,0.2077,0.1645,0.1045,0.0352,2403039500.0,1578179200.0,2.5328,2.5411,2.5411,801556900.0,801557000.0,0.3163,0.2217,ES
2013-12-31 00:00:00,7301204000.0,2482954100.0,4818250000.0,2027215900.0,1529435200.0,,-308805000.0,338699000.0,1220630000.0,426941000.0,793688900.0,786007000.0,2.48,0.6599,0.2095,0.1672,0.1077,0.0283,2389115300.0,1529434900.0,2.51,2.5171,2.5171,793688900.0,793689000.0,0.3272,0.2278,ES
2013-09-30 00:00:00,7207426000.0,2426247100.0,4781179000.0,1992048900.0,1500175300.0,,-308178000.0,334671000.0,1191998000.0,400991000.0,791007000.0,783327000.0,2.47,0.6634,0.2081,0.1654,0.1087,0.0108,2379057500.0,1500175700.0,2.4803,2.4874,2.4874,791007000.0,791007000.0,0.3301,0.214,ES
2013-06-30 00:00:00,7176365000.0,2383117100.0,4793248000.0,1986042900.0,1513818500.0,,-315684000.0,337556000.0,1198135000.0,409000000.0,789135000.0,781454000.0,2.47,0.6679,0.2109,0.167,0.1089,0.0178,2404903600.0,1513818900.0,2.4752,2.4825,2.4825,789135000.0,789135000.0,0.3351,0.2243,ES
2013-03-31 00:00:00,7169187000.0,2436829100.0,4732358000.0,2148248900.0,1322757500.0,,-321019000.0,339753000.0,1001739000.0,339449000.0,662290000.0,654772000.0,2.08,0.6601,0.1845,0.1397,0.0913,0.0096,2202461600.0,1322757900.0,2.0806,2.0869,2.0869,662290000.0,662290000.0,0.3072,0.2267,ES
2012-12-31 00:00:00,6273787000.0,2084364100.0,4189423100.0,2017276900.0,1118205600.0,,-310203000.0,329945000.0,808003000.0,274926000.0,533077000.0,525945000.0,1.92,0.6678,0.1782,0.1288,0.0838,-0.0496,1858996600.0,1118206000.0,1.9176,1.923,1.923,533077000.0,533077000.0,0.2963,0.1851,ES
