Date,Revenue,Cost of Revenue,Gross Profit,SG&A Expenses,Operating Income,Interest Expense (Operating),Non-operating Income/Expense,Non-operating Interest Expenses,EBT,Income Tax Provision,Income after Tax,Share of Subsidiary Earnings,Net Income Common,EPS (Basic),Gross Margin,EBIT Margin,EBT margin,Net Profit Margin,Free Cash Flow Margin,EBITDA,EBIT,"EPS (Diluted, from Cont. Ops)","EPS (Diluted, from Disc. Ops)","EPS (Basic, Consolidated)","EPS (Basic, from Discontinued Ops)","EPS (Basic, from Continuous Ops)",Income from Continuous Operations,Income from Discontinued Operations,Consolidated Net Income/Loss,EBITDA Margin,Operating Cash Flow Margin,Ticker
2022-09-30 00:00:00,23050000000.0,19458000000.0,3592000000.0,10594000000.0,3168000000.0,1452000000.0,-2307000000.0,1666000000.0,2511000000.0,497000000.0,2152000000.0,,2129000000.0,2.16,0.1558,0.1374,0.1089,0.0924,-0.1773,6150000000.0,3168000000.0,2.1763,,2.1642,,2.1782,2143000000.0,,2010000000.0,0.2668,0.1307,EXC
2022-06-30 00:00:00,29750000000.0,23292000000.0,6458000000.0,10609000000.0,2913000000.0,1484000000.0,216000000.0,1625000000.0,3149000000.0,579000000.0,1933000000.0,,2656000000.0,2.71,0.2171,0.0979,0.1058,0.0893,-0.0728,10124000000.0,2913000000.0,1.9663,,2.7354,,1.9682,1924000000.0,,2563000000.0,0.3403,0.1719,EXC
2022-03-31 00:00:00,29531000000.0,21414000000.0,8117000000.0,10557000000.0,2799000000.0,1522000000.0,-224000000.0,1591000000.0,2967000000.0,536000000.0,1794000000.0,,2592000000.0,2.65,0.2749,0.0948,0.1005,0.0878,-0.0506,11239000000.0,2799000000.0,1.8263,0.13,2.7481,0.13,1.8282,1785000000.0,250000000.0,2574000000.0,0.3806,0.205,EXC
2021-12-31 00:00:00,28836000000.0,18994000000.0,9842000000.0,10425000000.0,2723000000.0,1570000000.0,-199000000.0,1571000000.0,2832000000.0,357000000.0,1838000000.0,-11000000.0,1706000000.0,1.74,0.3413,0.0944,0.0982,0.0592,-0.1419,12242000000.0,2723000000.0,1.8663,,1.8683,,1.8682,1829000000.0,,1829000000.0,0.4245,0.1045,EXC
2021-09-30 00:00:00,28314000000.0,13964000000.0,14350000000.0,6780000000.0,2429000000.0,1574000000.0,2533000000.0,1360000000.0,2967000000.0,448000000.0,1744000000.0,-6000000.0,1674000000.0,1.71,0.5068,0.0858,0.1048,0.0591,-0.1221,13769000000.0,2429000000.0,1.7742,-383.99,1.9172,,1.7753,1743000000.0,,1876000000.0,0.4863,0.1467,EXC
2021-06-30 00:00:00,25622000000.0,10285000000.0,15337000000.0,8424000000.0,2442000000.0,1581000000.0,-95000000.0,1440000000.0,2347000000.0,490000000.0,1857000000.0,-4000000.0,972000000.0,0.99,0.5986,0.0953,0.0916,0.0379,-0.1894,10408000000.0,2442000000.0,1.8866,,1.2448,,1.8883,1855000000.0,,1216000000.0,0.4062,0.1051,EXC
2021-03-31 00:00:00,28924000000.0,11888000000.0,17036000000.0,9881000000.0,2427000000.0,1612000000.0,385000000.0,1543000000.0,2812000000.0,706000000.0,2106000000.0,-4000000.0,1092000000.0,1.11,0.589,0.0839,0.0972,0.0378,-0.192,9681000000.0,2427000000.0,2.1447,,1.3462,,2.1464,2103000000.0,,1314000000.0,0.3347,0.0655,EXC
2020-12-31 00:00:00,33039000000.0,14104000000.0,18935000000.0,11122000000.0,2823000000.0,1636000000.0,-490000000.0,1635000000.0,2333000000.0,373000000.0,1960000000.0,-6000000.0,1963000000.0,2.01,0.5731,0.0854,0.0706,0.0594,-0.114,9350000000.0,2823000000.0,1.9999,,2.002,,2.002,1954000000.0,,1954000000.0,0.283,0.1282,EXC
2020-09-30 00:00:00,33265000000.0,14172000000.0,19093000000.0,11281000000.0,3516000000.0,1636000000.0,-894000000.0,1636000000.0,2622000000.0,289000000.0,2333000000.0,-6000000.0,2377000000.0,2.43,0.574,0.1057,0.0788,0.0715,-0.0623,9322000000.0,3516000000.0,2.3832,,2.3846,,2.3846,2327000000.0,,2327000000.0,0.2802,0.1648,EXC
2020-06-30 00:00:00,33341000000.0,14510000000.0,18831000000.0,10621000000.0,4100000000.0,,-1162000000.0,1641000000.0,2938000000.0,245000000.0,2693000000.0,-175000000.0,2648000000.0,2.71,0.5648,0.123,0.0881,0.0794,-0.0303,9699000000.0,4100000000.0,2.5811,,2.5827,,2.5827,2518000000.0,,2518000000.0,0.2909,0.1932,EXC
2020-03-31 00:00:00,33708000000.0,14811000000.0,18897000000.0,10354000000.0,4376000000.0,,-1588000000.0,1623000000.0,2788000000.0,170000000.0,2618000000.0,-180000000.0,2611000000.0,2.68,0.5606,0.1298,0.0827,0.0775,-0.0205,10074000000.0,4376000000.0,2.5002,,2.5028,,2.5028,2438000000.0,,2438000000.0,0.2989,0.1986,EXC
2019-12-31 00:00:00,34438000000.0,15497000000.0,18941000000.0,10347000000.0,4374000000.0,,-389000000.0,1616000000.0,3985000000.0,774000000.0,3211000000.0,-183000000.0,2936000000.0,3.01,0.55,0.127,0.1157,0.0853,-0.0168,10154000000.0,4374000000.0,3.1088,,3.1121,,3.1121,3028000000.0,,3028000000.0,0.2948,0.1934,EXC
2019-09-30 00:00:00,34901000000.0,16026000000.0,18875000000.0,10475000000.0,4114000000.0,,-1123000000.0,1638000000.0,2991000000.0,482000000.0,2509000000.0,-188000000.0,2311000000.0,2.38,0.5408,0.1179,0.0857,0.0662,0.0009,9967000000.0,4114000000.0,2.3857,,2.3888,,2.3888,2321000000.0,,2321000000.0,0.2856,0.2111,EXC
2019-06-30 00:00:00,35375000000.0,16406000000.0,18969000000.0,10766000000.0,3907000000.0,,-1071000000.0,1622000000.0,2836000000.0,447000000.0,2389000000.0,-28000000.0,2272000000.0,2.35,0.5362,0.1104,0.0802,0.0642,0.0093,9800000000.0,3907000000.0,2.4301,,2.4341,,2.4341,2361000000.0,,2361000000.0,0.277,0.2169,EXC
2019-03-31 00:00:00,35762000000.0,16496000000.0,19266000000.0,10924000000.0,4008000000.0,,-1203000000.0,1586000000.0,2805000000.0,369000000.0,2436000000.0,-27000000.0,2327000000.0,2.41,0.5387,0.1121,0.0784,0.0651,0.0173,9938000000.0,4008000000.0,2.4822,,2.4864,,2.4864,2409000000.0,,2409000000.0,0.2779,0.2289,EXC
2018-12-31 00:00:00,35978000000.0,16670000000.0,19308000000.0,11120000000.0,3891000000.0,,-1666000000.0,1554000000.0,2225000000.0,118000000.0,2107000000.0,-28000000.0,2005000000.0,2.09,0.5367,0.1081,0.0618,0.0557,0.0317,9862000000.0,3891000000.0,2.1454,,2.1499,,2.1499,2079000000.0,,2079000000.0,0.2741,0.2403,EXC
2018-09-30 00:00:00,35550000000.0,15882000000.0,19668000000.0,11166000000.0,4470000000.0,,-989000000.0,1502000000.0,3481000000.0,-464000000.0,3945000000.0,-28000000.0,3728000000.0,3.87,0.5532,0.1257,0.0979,0.1049,0.0295,9921000000.0,4470000000.0,4.077,,4.0847,,4.0847,3917000000.0,,3917000000.0,0.2791,0.2386,EXC
2018-06-30 00:00:00,34915000000.0,15092000000.0,19823000000.0,11082000000.0,4823000000.0,,-966000000.0,1495000000.0,3857000000.0,-150000000.0,4007000000.0,-25000000.0,3818000000.0,3.97,0.5678,0.1381,0.1105,0.1094,0.0288,10214000000.0,4823000000.0,4.1487,,4.1575,,4.1575,3982000000.0,,3982000000.0,0.2925,0.2421,EXC
2018-03-31 00:00:00,34504000000.0,14863000000.0,19641000000.0,11712000000.0,4181000000.0,,-896000000.0,1558000000.0,3285000000.0,-278000000.0,3563000000.0,-29000000.0,3374000000.0,3.5,0.5692,0.1212,0.0952,0.0978,0.0211,9825000000.0,4181000000.0,3.6898,,3.6976,,3.6976,3534000000.0,,3534000000.0,0.2847,0.2292,EXC
2017-12-31 00:00:00,33558000000.0,14035000000.0,19523000000.0,11756000000.0,4388000000.0,,-613000000.0,1560000000.0,3775000000.0,-126000000.0,3901000000.0,-32000000.0,3779000000.0,3.96,0.5818,0.1308,0.1125,0.1126,0.0034,9815000000.0,4388000000.0,4.0769,,4.0855,,4.0855,3869000000.0,,3869000000.0,0.2925,0.2229,EXC
2017-09-30 00:00:00,33061000000.0,13705000000.0,19356000000.0,11654000000.0,3922000000.0,,-989000000.0,1552000000.0,2933000000.0,727000000.0,2206000000.0,-35000000.0,2099000000.0,2.24,0.5855,0.1186,0.0887,0.0635,-0.0224,9976000000.0,3922000000.0,2.3002,,2.3074,,2.3074,2171000000.0,,2171000000.0,0.3017,0.2048,EXC
2017-06-30 00:00:00,33295000000.0,13917000000.0,19378000000.0,11710000000.0,3690000000.0,,-1209000000.0,1682000000.0,2481000000.0,616000000.0,1865000000.0,-33000000.0,1766000000.0,1.91,0.582,0.1108,0.0745,0.053,-0.0264,9667000000.0,3690000000.0,1.9712,,1.9768,,1.9768,1832000000.0,,1832000000.0,0.2903,0.2043,EXC
2017-03-31 00:00:00,32540000000.0,13285000000.0,19255000000.0,11244000000.0,4037000000.0,,-1182000000.0,1622000000.0,2855000000.0,780000000.0,2075000000.0,-31000000.0,1938000000.0,2.11,0.5917,0.1241,0.0877,0.0596,-0.0066,9834000000.0,4037000000.0,2.2013,,2.2074,,2.2074,2044000000.0,,2044000000.0,0.3022,0.2478,EXC
2016-12-31 00:00:00,31366000000.0,12640000000.0,18726000000.0,11530000000.0,3212000000.0,,-1239000000.0,1536000000.0,1973000000.0,753000000.0,1220000000.0,-24000000.0,1121000000.0,1.23,0.597,0.1024,0.0629,0.0357,-0.001,8788000000.0,3212000000.0,1.2902,,1.2944,,1.2944,1196000000.0,,1196000000.0,0.2802,0.2698,EXC
2016-09-30 00:00:00,30187000000.0,12336000000.0,17851000000.0,11341000000.0,3106000000.0,,-946000000.0,1459000000.0,2160000000.0,894000000.0,1266000000.0,-19000000.0,1239000000.0,1.35,0.5913,0.1029,0.0716,0.041,0.0267,8208000000.0,3106000000.0,1.3268,,1.3286,,1.3286,1247000000.0,,1247000000.0,0.2719,0.3082,EXC
2016-06-30 00:00:00,28586000000.0,11873000000.0,16713000000.0,10860000000.0,3039000000.0,,-1047000000.0,1196000000.0,1992000000.0,669000000.0,1323000000.0,-15000000.0,1378000000.0,1.51,0.5847,0.1063,0.0697,0.0482,-0.0142,7716000000.0,3039000000.0,1.4009,,1.4029,,1.4029,1308000000.0,,1308000000.0,0.2699,0.2869,EXC
2016-03-31 00:00:00,28190000000.0,11868000000.0,16322000000.0,10297000000.0,3526000000.0,,-987000000.0,975000000.0,2539000000.0,894000000.0,1645000000.0,-10000000.0,1749000000.0,1.96,0.579,0.1251,0.0901,0.062,-0.0155,7664000000.0,3526000000.0,1.8013,,1.8052,,1.8052,1635000000.0,,1635000000.0,0.2719,0.2696,EXC
2015-12-31 00:00:00,29447000000.0,13084000000.0,16363000000.0,9522000000.0,4409000000.0,,-1079000000.0,1033000000.0,3330000000.0,1073000000.0,2257000000.0,,2269000000.0,2.57,0.5557,0.1497,0.1131,0.0771,0.0047,8432000000.0,4409000000.0,2.5195,,2.528,,2.528,2250000000.0,,2250000000.0,0.2863,0.2586,EXC
2015-09-30 00:00:00,30001000000.0,13813000000.0,16188000000.0,9856000000.0,4048000000.0,,-1165000000.0,1095000000.0,2883000000.0,826000000.0,2057000000.0,,1978000000.0,2.25,0.5396,0.1349,0.0961,0.0659,-0.0478,8515000000.0,4048000000.0,2.3329,,2.3453,,2.3453,2054000000.0,,2054000000.0,0.2838,0.2163,EXC
2015-06-30 00:00:00,29512000000.0,13170000000.0,16342000000.0,9838000000.0,4586000000.0,,-910000000.0,1100000000.0,3676000000.0,1133000000.0,2543000000.0,,2342000000.0,2.71,0.5537,0.1554,0.1246,0.0794,-0.0084,9197000000.0,4586000000.0,2.9359,,2.9498,,2.9498,2541000000.0,,2541000000.0,0.3116,0.2262,EXC
2015-03-31 00:00:00,29022000000.0,13133000000.0,15889000000.0,9956000000.0,4294000000.0,,-746000000.0,1183000000.0,3548000000.0,1083000000.0,2465000000.0,,2226000000.0,2.58,0.5475,0.148,0.1223,0.0767,-0.0254,8889000000.0,4294000000.0,2.8497,,2.864,,2.864,2465000000.0,,2465000000.0,0.3063,0.1992,EXC
2014-12-31 00:00:00,27429000000.0,13003000000.0,14426000000.0,9722000000.0,3096000000.0,,-610000000.0,1065000000.0,2486000000.0,666000000.0,1820000000.0,,1623000000.0,1.88,0.5259,0.1129,0.0906,0.0592,-0.0591,7651000000.0,3096000000.0,2.1065,,2.1163,,2.1163,1820000000.0,,1820000000.0,0.2789,0.1625,EXC
2014-09-30 00:00:00,26336000000.0,11981000000.0,14355000000.0,9042000000.0,3650000000.0,,-476000000.0,970000000.0,3174000000.0,955000000.0,2219000000.0,,2100000000.0,2.44,0.5451,0.1386,0.1205,0.0797,0.0227,7774000000.0,3650000000.0,2.5728,,2.5828,,2.5828,2219000000.0,,2219000000.0,0.2952,0.2123,EXC
2014-06-30 00:00:00,25926000000.0,12076000000.0,13850000000.0,8766000000.0,3166000000.0,,-313000000.0,946000000.0,2853000000.0,972000000.0,1881000000.0,,1845000000.0,2.15,0.5342,0.1221,0.11,0.0712,0.0157,7069000000.0,3166000000.0,2.1841,,2.1942,,2.1942,1881000000.0,,1881000000.0,0.2727,0.222,EXC
2014-03-31 00:00:00,26043000000.0,12083000000.0,13960000000.0,8475000000.0,3329000000.0,,-574000000.0,960000000.0,2755000000.0,934000000.0,1821000000.0,,1813000000.0,2.11,0.536,0.1278,0.1058,0.0696,0.0193,7170000000.0,3329000000.0,2.1173,,2.1271,,2.1271,1821000000.0,,1821000000.0,0.2753,0.2169,EXC
2013-12-31 00:00:00,24888000000.0,10724000000.0,14164000000.0,8365000000.0,3669000000.0,,-896000000.0,1356000000.0,2773000000.0,1044000000.0,1729000000.0,,1719000000.0,2.01,0.5691,0.1474,0.1114,0.0691,0.0381,7619000000.0,3669000000.0,2.0105,,2.0199,,2.0199,1729000000.0,,1729000000.0,0.3061,0.2549,EXC
2013-09-30 00:00:00,24979000000.0,10903000000.0,14076000000.0,8479000000.0,3464000000.0,,-929000000.0,1340000000.0,2535000000.0,916000000.0,1619000000.0,,1602000000.0,1.87,0.5635,0.1387,0.1015,0.0641,0.0336,7478000000.0,3464000000.0,1.8976,,1.9054,,1.9054,1619000000.0,,1619000000.0,0.2994,0.2382,EXC
2013-06-30 00:00:00,25056000000.0,11186000000.0,13870000000.0,8927000000.0,2813000000.0,,-995000000.0,1352000000.0,1818000000.0,638000000.0,1180000000.0,,1160000000.0,1.36,0.5536,0.1123,0.0726,0.0463,0.0249,6969000000.0,2813000000.0,1.3884,,1.3944,,1.3944,1180000000.0,,1180000000.0,0.2781,0.2297,EXC
2013-03-31 00:00:00,24881000000.0,11373000000.0,13508000000.0,8859000000.0,2522000000.0,,-1025000000.0,1356000000.0,1497000000.0,525000000.0,972000000.0,,956000000.0,1.13,0.5429,0.1014,0.0602,0.0384,0.0252,6842000000.0,2522000000.0,1.1481,,1.1526,,1.1526,972000000.0,,972000000.0,0.275,0.241,EXC
2012-12-31 00:00:00,23489000000.0,10157000000.0,13332000000.0,8980000000.0,2373000000.0,,-575000000.0,928000000.0,1798000000.0,627000000.0,1171000000.0,,1160000000.0,1.41,0.5676,0.101,0.0765,0.0494,0.0304,6452000000.0,2373000000.0,1.4298,,1.4351,,1.4351,1171000000.0,,1171000000.0,0.2747,0.261,EXC
