Date,Revenue,Cost of Revenue,Gross Profit,SG&A Expenses,Operating Income,Interest Expense (Operating),Non-operating Income/Expense,Non-operating Interest Expenses,EBT,Income Tax Provision,Income after Tax,Net Income Common,EPS (Basic),Gross Margin,EBIT Margin,EBT margin,Net Profit Margin,Free Cash Flow Margin,EBITDA,EBIT,"EPS (Diluted, from Cont. Ops)","EPS (Basic, Consolidated)","EPS (Basic, from Continuous Ops)",Income from Continuous Operations,Consolidated Net Income/Loss,EBITDA Margin,Operating Cash Flow Margin,Ticker
2022-09-30 00:00:00,151736000000.0,128974000000.0,22762000000.0,17308000000.0,5454000000.0,1379000000.0,1582000000.0,1379000000.0,7036000000.0,-1826000000.0,8862000000.0,9012000000.0,2.25,0.15,0.0359,0.0464,0.0594,0.0174,11763000000.0,5454000000.0,2.1868,2.2226,2.2226,8862000000.0,8862000000.0,0.0775,0.0607,F
2022-06-30 00:00:00,148027000000.0,124677000000.0,23350000000.0,17058000000.0,6292000000.0,1497000000.0,3754000000.0,1497000000.0,10046000000.0,-1568000000.0,11614000000.0,11671000000.0,2.92,0.1577,0.0425,0.0679,0.0788,0.0404,12494000000.0,6292000000.0,2.8695,2.91,2.91,11614000000.0,11614000000.0,0.0844,0.0838,F
2022-03-31 00:00:00,134589000000.0,114390000000.0,20199000000.0,16797000000.0,3402000000.0,1638000000.0,6588000000.0,1638000000.0,9990000000.0,-1539000000.0,11529000000.0,11565000000.0,2.89,0.1501,0.0253,0.0742,0.0859,0.0296,9167000000.0,3402000000.0,2.8493,2.8898,2.8898,11529000000.0,11529000000.0,0.0681,0.0759,F
2021-12-31 00:00:00,136341000000.0,114651000000.0,21690000000.0,17167000000.0,4523000000.0,1803000000.0,13257000000.0,1803000000.0,17780000000.0,-130000000.0,17910000000.0,17937000000.0,4.49,0.1591,0.0332,0.1304,0.1316,0.0701,10483000000.0,4523000000.0,4.4398,4.4876,4.4876,17910000000.0,17910000000.0,0.0769,0.1158,F
2021-09-30 00:00:00,134615000000.0,115333000000.0,19282000000.0,17940000000.0,1342000000.0,1839000000.0,1410000000.0,1839000000.0,2752000000.0,-94000000.0,2846000000.0,2867000000.0,0.72,0.1432,0.01,0.0204,0.0213,0.0803,7511000000.0,1342000000.0,0.7059,0.7136,0.7136,2846000000.0,2846000000.0,0.0558,0.1248,F
2021-06-30 00:00:00,136433000000.0,116499000000.0,19934000000.0,17583000000.0,2351000000.0,1898000000.0,1272000000.0,1898000000.0,3623000000.0,209000000.0,3414000000.0,3420000000.0,0.86,0.1461,0.0172,0.0266,0.0251,0.1115,8520000000.0,2351000000.0,0.8513,0.8586,0.8586,3414000000.0,3414000000.0,0.0624,0.153,F
2021-03-31 00:00:00,129052000000.0,111527000000.0,17525000000.0,17911000000.0,-386000000.0,1895000000.0,4358000000.0,1895000000.0,3972000000.0,-7000000.0,3979000000.0,3976000000.0,1.0,0.1358,-0.003,0.0308,0.0308,0.1852,6671000000.0,-386000000.0,0.9941,1.0014,1.0014,3979000000.0,3979000000.0,0.0517,0.2265,F
2020-12-31 00:00:00,127144000000.0,112752000000.0,14392000000.0,18800000000.0,-4408000000.0,1649000000.0,3292000000.0,1649000000.0,-1116000000.0,160000000.0,-1276000000.0,-1279000000.0,-0.32,0.1132,-0.0347,-0.0088,-0.0101,0.1457,3049000000.0,-4408000000.0,-0.3211,-0.3211,-0.3211,-1276000000.0,-1276000000.0,0.024,0.1909,F
2020-09-30 00:00:00,130907000000.0,114489000000.0,16418000000.0,18841000000.0,-2423000000.0,1430000000.0,2681000000.0,1430000000.0,258000000.0,415000000.0,-157000000.0,-163000000.0,-0.04,0.1254,-0.0185,0.002,-0.0012,0.1233,5380000000.0,-2423000000.0,-0.0439,-0.0413,-0.0413,-157000000.0,-157000000.0,0.0411,0.1729,F
2020-06-30 00:00:00,130396000000.0,115548000000.0,14848000000.0,19883000000.0,-5035000000.0,,2518000000.0,1208000000.0,-2517000000.0,-393000000.0,-2124000000.0,-2123000000.0,-0.53,0.1139,-0.0386,-0.0193,-0.0163,0.0709,3266000000.0,-5035000000.0,-0.5351,-0.5359,-0.5359,-2124000000.0,-2124000000.0,0.025,0.1248,F
2020-03-31 00:00:00,149878000000.0,131273000000.0,18605000000.0,20791000000.0,-2186000000.0,,-1210000000.0,1002000000.0,-3396000000.0,-304000000.0,-3092000000.0,-3092000000.0,-0.77,0.1241,-0.0146,-0.0227,-0.0206,0.039,6304000000.0,-2186000000.0,-0.7778,-0.7795,-0.7795,-3092000000.0,-3092000000.0,0.0421,0.0909,F
2019-12-31 00:00:00,155900000000.0,134693000000.0,21207000000.0,20633000000.0,574000000.0,,-1214000000.0,1020000000.0,-640000000.0,-724000000.0,84000000.0,47000000.0,0.02,0.136,0.0037,-0.0041,0.0003,0.0642,9064000000.0,574000000.0,0.0211,0.0212,0.0212,84000000.0,84000000.0,0.0581,0.1131,F
2019-09-30 00:00:00,157978000000.0,135635000000.0,22343000000.0,20680000000.0,1663000000.0,,116000000.0,1060000000.0,1779000000.0,135000000.0,1644000000.0,1603000000.0,0.41,0.1414,0.0105,0.0113,0.0101,0.0546,10191000000.0,1663000000.0,0.4111,0.4141,0.4141,1644000000.0,1644000000.0,0.0645,0.1019,F
2019-06-30 00:00:00,158654000000.0,134921000000.0,23733000000.0,20945000000.0,2788000000.0,,104000000.0,1127000000.0,2892000000.0,678000000.0,2214000000.0,2169000000.0,0.55,0.1496,0.0176,0.0182,0.0137,0.0561,9298000000.0,2788000000.0,0.5538,0.5573,0.5573,2214000000.0,2214000000.0,0.0586,0.1043,F
2019-03-31 00:00:00,158721000000.0,134458000000.0,24263000000.0,20979000000.0,3284000000.0,,752000000.0,1184000000.0,4036000000.0,903000000.0,3133000000.0,3087000000.0,0.78,0.1529,0.0207,0.0254,0.0194,0.0467,7535000000.0,3284000000.0,0.7837,0.7884,0.7884,3133000000.0,3133000000.0,0.0475,0.0948,F
2018-12-31 00:00:00,160338000000.0,136269000000.0,24069000000.0,20866000000.0,3203000000.0,,1142000000.0,1228000000.0,4345000000.0,650000000.0,3695000000.0,3677000000.0,0.93,0.1501,0.02,0.0271,0.0229,0.0451,5312000000.0,3203000000.0,0.9243,0.9297,0.9297,3695000000.0,3695000000.0,0.0331,0.0937,F
2018-09-30 00:00:00,159871000000.0,135519000000.0,24352000000.0,23132000000.0,3438000000.0,,2796000000.0,1241000000.0,6234000000.0,-97000000.0,6331000000.0,6313000000.0,1.57,0.1523,0.0215,0.039,0.0395,0.0565,3438000000.0,3438000000.0,1.5832,1.5926,1.5926,6331000000.0,6331000000.0,0.0215,0.1052,F
2018-06-30 00:00:00,158656000000.0,134226000000.0,24430000000.0,23076000000.0,3572000000.0,,3338000000.0,1196000000.0,6910000000.0,-7000000.0,6917000000.0,6894000000.0,1.71,0.154,0.0225,0.0436,0.0435,0.0577,3572000000.0,3572000000.0,1.73,1.7404,1.7404,6917000000.0,6917000000.0,0.0225,0.1048,F
2018-03-31 00:00:00,159589000000.0,134374000000.0,25215000000.0,22895000000.0,4538000000.0,,3289000000.0,1186000000.0,7827000000.0,-76000000.0,7903000000.0,7875000000.0,1.95,0.158,0.0284,0.049,0.0493,0.0636,4538000000.0,4538000000.0,1.977,1.9883,1.9883,7903000000.0,7903000000.0,0.0284,0.1082,F
2017-12-31 00:00:00,156776000000.0,131321000000.0,25455000000.0,20574000000.0,4881000000.0,,3278000000.0,1190000000.0,8159000000.0,402000000.0,7757000000.0,7731000000.0,1.91,0.1624,0.0311,0.052,0.0493,0.0705,4881000000.0,4881000000.0,1.9403,1.9514,1.9514,7757000000.0,7757000000.0,0.0311,0.1154,F
2017-09-30 00:00:00,154104000000.0,128805000000.0,25299000000.0,24589000000.0,-1508000000.0,,6666000000.0,-5335000000.0,5158000000.0,713000000.0,4445000000.0,4421000000.0,1.1,0.1642,-0.0098,0.0335,0.0287,0.0696,-1508000000.0,-1508000000.0,1.1116,1.1177,1.1177,4445000000.0,4445000000.0,-0.0098,0.1152,F
2017-06-30 00:00:00,153596000000.0,129198000000.0,24398000000.0,22068000000.0,112000000.0,,4663000000.0,-3195000000.0,4775000000.0,948000000.0,3827000000.0,3806000000.0,0.95,0.1588,0.0007,0.0311,0.0248,0.0707,112000000.0,112000000.0,0.9568,0.962,0.962,3827000000.0,3827000000.0,0.0007,0.1166,F
2017-03-31 00:00:00,153228000000.0,128378000000.0,24850000000.0,19893000000.0,2739000000.0,,2645000000.0,-1016000000.0,5384000000.0,1640000000.0,3744000000.0,3729000000.0,0.94,0.1622,0.0179,0.0351,0.0243,0.0839,2739000000.0,2739000000.0,0.9359,0.9417,0.9417,3744000000.0,3744000000.0,0.0179,0.1308,F
2016-12-31 00:00:00,151800000000.0,126195000000.0,25605000000.0,19819000000.0,5786000000.0,,998000000.0,951000000.0,6784000000.0,2184000000.0,4600000000.0,4589000000.0,1.16,0.1687,0.0381,0.0447,0.0302,0.0847,5786000000.0,5786000000.0,1.1504,1.1579,1.1579,4600000000.0,4600000000.0,0.0381,0.1308,F
2016-09-30 00:00:00,153397000000.0,128142000000.0,25255000000.0,10499000000.0,14829000000.0,,-5020000000.0,10451000000.0,9809000000.0,2557000000.0,7252000000.0,7247000000.0,1.83,0.1646,0.0967,0.0639,0.0472,0.0812,14829000000.0,14829000000.0,1.8141,1.8265,1.8265,7252000000.0,7252000000.0,0.0967,0.1252,F
2016-06-30 00:00:00,155598000000.0,128687000000.0,26911000000.0,10228000000.0,16756000000.0,,-5043000000.0,10124000000.0,11713000000.0,3230000000.0,8483000000.0,8482000000.0,2.07,0.173,0.1077,0.0753,0.0545,0.0876,16756000000.0,16756000000.0,2.1219,2.137,2.137,8483000000.0,8483000000.0,0.1077,0.1317,F
2016-03-31 00:00:00,153376000000.0,126491000000.0,26885000000.0,9988000000.0,16970000000.0,,-4846000000.0,9589000000.0,12124000000.0,3452000000.0,8672000000.0,8672000000.0,2.04,0.1753,0.1106,0.079,0.0565,0.0721,16970000000.0,16970000000.0,2.1678,2.1844,2.1844,8672000000.0,8672000000.0,0.1106,0.1171,F
2015-12-31 00:00:00,149558000000.0,124446000000.0,25112000000.0,10763000000.0,14349000000.0,,-4097000000.0,8141000000.0,10252000000.0,2881000000.0,7371000000.0,7373000000.0,1.65,0.1679,0.0959,0.0685,0.0493,0.0604,14349000000.0,14349000000.0,1.8418,1.8572,1.8572,7371000000.0,7371000000.0,0.0959,0.1085,F
2015-09-30 00:00:00,145177000000.0,122571000000.0,22606000000.0,9905000000.0,12845000000.0,,-7653000000.0,9880000000.0,5192000000.0,1592000000.0,3600000000.0,3601000000.0,1.19,0.1557,0.0885,0.0358,0.0248,0.0602,12845000000.0,12845000000.0,0.9156,0.9016,0.9016,3600000000.0,3600000000.0,0.0885,0.1119,F
2015-06-30 00:00:00,141953000000.0,121555000000.0,20398000000.0,11003000000.0,9465000000.0,,-6543000000.0,8646000000.0,2922000000.0,681000000.0,2241000000.0,2244000000.0,0.93,0.1437,0.0667,0.0206,0.0158,0.0535,9465000000.0,9465000000.0,0.5752,0.565,0.565,2241000000.0,2241000000.0,0.0667,0.1068,F
2015-03-31 00:00:00,142101000000.0,122476000000.0,19625000000.0,11935000000.0,7656000000.0,,-5902000000.0,7601000000.0,1754000000.0,359000000.0,1395000000.0,1395000000.0,0.79,0.1381,0.0539,0.0123,0.0098,0.0489,7656000000.0,7656000000.0,0.3576,0.355,0.355,1395000000.0,1395000000.0,0.0539,0.1034,F
2014-12-31 00:00:00,144077000000.0,125025000000.0,19052000000.0,11842000000.0,7210000000.0,,-5976000000.0,7675000000.0,1234000000.0,4000000.0,1230000000.0,1231000000.0,0.81,0.1322,0.05,0.0086,0.0085,0.0489,7210000000.0,7210000000.0,0.3108,0.3144,0.3144,1230000000.0,1230000000.0,0.05,0.1007,F
2014-09-30 00:00:00,145777000000.0,120096000000.0,25681000000.0,11620000000.0,13775000000.0,,-1039000000.0,3552000000.0,12736000000.0,1772000000.0,10964000000.0,10972000000.0,1.57,0.1762,0.0945,0.0874,0.0753,0.0371,13775000000.0,13775000000.0,2.6851,2.7883,2.7883,10964000000.0,10964000000.0,0.0945,0.0868,F
2014-06-30 00:00:00,146632000000.0,119929000000.0,26703000000.0,11371000000.0,15074000000.0,,-1268000000.0,3641000000.0,13806000000.0,2402000000.0,11404000000.0,11409000000.0,1.67,0.1821,0.1028,0.0942,0.0778,0.0285,15074000000.0,15074000000.0,2.7882,2.8955,2.8955,11404000000.0,11404000000.0,0.1028,0.0759,F
2014-03-31 00:00:00,147144000000.0,121206000000.0,25938000000.0,11098000000.0,14633000000.0,,-1126000000.0,3663000000.0,13507000000.0,2184000000.0,11323000000.0,11331000000.0,1.65,0.1763,0.0994,0.0918,0.077,0.0396,14633000000.0,14633000000.0,2.7687,2.8755,2.8755,11323000000.0,11323000000.0,0.0994,0.0846,F
2013-12-31 00:00:00,146917000000.0,120190000000.0,26727000000.0,10850000000.0,15669000000.0,,-1298000000.0,3689000000.0,14371000000.0,2425000000.0,11946000000.0,11953000000.0,1.81,0.1819,0.1067,0.0978,0.0814,0.0262,15669000000.0,15669000000.0,2.923,3.0358,3.0358,11946000000.0,11946000000.0,0.1067,0.0711,F
2013-09-30 00:00:00,145078000000.0,124144000000.0,20934000000.0,12311000000.0,8423000000.0,,-631000000.0,3659000000.0,7792000000.0,2130000000.0,5662000000.0,5662000000.0,1.44,0.1443,0.0581,0.0537,0.039,0.0222,8423000000.0,8423000000.0,1.3922,1.4508,1.4508,5662000000.0,5662000000.0,0.0581,0.0673,F
2013-06-30 00:00:00,141475000000.0,120764000000.0,20711000000.0,11995000000.0,8507000000.0,,-560000000.0,3655000000.0,7947000000.0,1925000000.0,6022000000.0,6021000000.0,1.53,0.1464,0.0601,0.0562,0.0426,0.0217,8507000000.0,8507000000.0,1.4925,1.5561,1.5561,6022000000.0,6022000000.0,0.0601,0.0661,F
2013-03-31 00:00:00,136763000000.0,116110000000.0,20653000000.0,11775000000.0,8745000000.0,,-1022000000.0,3729000000.0,7723000000.0,1897000000.0,5826000000.0,5828000000.0,1.48,0.151,0.0639,0.0565,0.0426,0.0095,8745000000.0,8745000000.0,1.4489,1.5144,1.5144,5826000000.0,5826000000.0,0.0639,0.0525,F
2012-12-31 00:00:00,133559000000.0,113039000000.0,20520000000.0,11529000000.0,8914000000.0,,-1276000000.0,3828000000.0,7638000000.0,2026000000.0,5612000000.0,5613000000.0,1.42,0.1536,0.0667,0.0572,0.042,0.0266,8914000000.0,8914000000.0,1.3978,1.4711,1.4711,5612000000.0,5612000000.0,0.0667,0.0677,F
