Date,Revenue,Cost of Revenue,Gross Profit,R&D Expenses,SG&A Expenses,Operating Income,Interest Expense (Operating),Non-operating Income/Expense,Non-operating Interest Expenses,EBT,Income Tax Provision,Income after Tax,Share of Subsidiary Earnings,Net Income Common,EPS (Basic),Gross Margin,EBIT Margin,EBT margin,Net Profit Margin,Free Cash Flow Margin,EBITDA,EBIT,"EPS (Diluted, from Cont. Ops)","EPS (Diluted, from Disc. Ops)","EPS (Basic, Consolidated)","EPS (Basic, from Discontinued Ops)","EPS (Basic, from Continuous Ops)",Income from Continuous Operations,Income from Discontinued Operations,Consolidated Net Income/Loss,EBITDA Margin,Operating Cash Flow Margin,Ticker
2022-09-30 00:00:00,23186000000.0,14789000000.0,8397000000.0,106000000.0,407000000.0,7812000000.0,594000000.0,-660000000.0,594000000.0,7152000000.0,2335000000.0,4817000000.0,43000000.0,3877000000.0,2.63,0.3622,0.3369,0.3085,0.1672,0.1468,9884000000.0,7812000000.0,2.5939,,3.3448,,2.6152,4860000000.0,,4860000000.0,0.4263,0.2739,FCX
2022-06-30 00:00:00,24266000000.0,14441000000.0,9825000000.0,83000000.0,411000000.0,9312000000.0,592000000.0,-667000000.0,592000000.0,8645000000.0,2648000000.0,5997000000.0,26000000.0,4872000000.0,3.29,0.4049,0.3837,0.3563,0.2008,0.2055,11404000000.0,9312000000.0,3.3658,,4.1264,,3.3968,6023000000.0,,6023000000.0,0.47,0.3114,FCX
2022-03-31 00:00:00,24598000000.0,14463000000.0,10135000000.0,72000000.0,398000000.0,9643000000.0,580000000.0,-669000000.0,584000000.0,8974000000.0,2680000000.0,6294000000.0,22000000.0,5115000000.0,3.45,0.412,0.392,0.3648,0.2079,0.249,11711000000.0,9643000000.0,3.5509,,4.3164,,3.5868,6316000000.0,,6316000000.0,0.4761,0.3387,FCX
2021-12-31 00:00:00,22845000000.0,14030000000.0,8815000000.0,55000000.0,383000000.0,8366000000.0,594000000.0,-707000000.0,602000000.0,7659000000.0,2299000000.0,5360000000.0,5000000.0,4306000000.0,2.89,0.3859,0.3662,0.3353,0.1885,0.2559,10364000000.0,8366000000.0,2.9,,3.6596,,2.93,5365000000.0,,5365000000.0,0.4537,0.3377,FCX
2021-09-30 00:00:00,21176000000.0,13373000000.0,7803000000.0,44000000.0,386000000.0,7770000000.0,659000000.0,-615000000.0,667000000.0,7155000000.0,2285000000.0,4870000000.0,1000000.0,3908000000.0,2.63,0.3685,0.3669,0.3379,0.1845,0.2708,9635000000.0,7770000000.0,3.1112,,3.3228,,3.1374,4865000000.0,,4865000000.0,0.455,0.3193,FCX
2021-06-30 00:00:00,18944000000.0,12690000000.0,6254000000.0,37000000.0,356000000.0,6188000000.0,641000000.0,-670000000.0,649000000.0,5518000000.0,1954000000.0,3564000000.0,13000000.0,2838000000.0,1.91,0.3301,0.3266,0.2913,0.1498,0.2645,7919000000.0,6188000000.0,2.2458,,2.4472,,2.2618,3574000000.0,,3574000000.0,0.418,0.3185,FCX
2021-03-31 00:00:00,16250000000.0,11753000000.0,4497000000.0,41000000.0,360000000.0,4442000000.0,612000000.0,-635000000.0,616000000.0,3807000000.0,1447000000.0,2360000000.0,10000000.0,1808000000.0,1.21,0.2767,0.2734,0.2343,0.1113,0.1878,6048000000.0,4442000000.0,1.4333,,1.6252,,1.4398,2367000000.0,,2367000000.0,0.3722,0.2542,FCX
2020-12-31 00:00:00,14198000000.0,11655000000.0,2543000000.0,50000000.0,370000000.0,2437000000.0,591000000.0,-640000000.0,598000000.0,1797000000.0,944000000.0,853000000.0,,599000000.0,0.39,0.1791,0.1716,0.1266,0.0422,0.124,3965000000.0,2437000000.0,0.41,,0.5953,,0.4099,865000000.0,,865000000.0,0.2793,0.2125,FCX
2020-09-30 00:00:00,13614000000.0,11999000000.0,1615000000.0,63000000.0,362000000.0,1503000000.0,496000000.0,-809000000.0,581000000.0,694000000.0,662000000.0,32000000.0,17000000.0,-97000000.0,-0.09,0.1186,0.1104,0.051,-0.0071,0.0008,2987000000.0,1503000000.0,0.0126,,0.034,,0.0145,49000000.0,,50000000.0,0.2194,0.1366,FCX
2020-06-30 00:00:00,12916000000.0,12164000000.0,752000000.0,80000000.0,391000000.0,585000000.0,,-763000000.0,584000000.0,-178000000.0,456000000.0,-634000000.0,16000000.0,-633000000.0,-0.4,0.0582,0.0453,-0.0138,-0.049,-0.0858,1997000000.0,585000000.0,-0.4331,,-0.4245,,-0.4328,-618000000.0,,-616000000.0,0.1546,0.0656,FCX
2020-03-31 00:00:00,13408000000.0,12910000000.0,498000000.0,93000000.0,392000000.0,297000000.0,,-786000000.0,601000000.0,-489000000.0,345000000.0,-834000000.0,18000000.0,-758000000.0,-0.48,0.0371,0.0222,-0.0365,-0.0565,-0.0885,1703000000.0,297000000.0,-0.5681,,-0.5608,,-0.5681,-816000000.0,,-814000000.0,0.127,0.0679,FCX
2019-12-31 00:00:00,14402000000.0,13125000000.0,1277000000.0,104000000.0,394000000.0,1091000000.0,,-785000000.0,620000000.0,306000000.0,510000000.0,-204000000.0,12000000.0,-239000000.0,-0.12,0.0887,0.0758,0.0212,-0.0166,-0.0423,2503000000.0,1091000000.0,-0.17,0.0076,-0.1303,0.0076,-0.17,-192000000.0,7000000.0,-189000000.0,0.1738,0.1029,FCX
2019-09-30 00:00:00,14175000000.0,13038000000.0,1137000000.0,116000000.0,386000000.0,632000000.0,,-873000000.0,910000000.0,-241000000.0,-371000000.0,130000000.0,10000000.0,234000000.0,-0.03,0.0802,0.0446,-0.017,0.0165,-0.0492,2056000000.0,632000000.0,0.16,0.0042,0.1014,0.0041,0.16,140000000.0,2000000.0,146000000.0,0.145,0.0882,FCX
2019-06-30 00:00:00,15930000000.0,13532000000.0,2398000000.0,118000000.0,386000000.0,1985000000.0,,-891000000.0,930000000.0,1094000000.0,60000000.0,1034000000.0,9000000.0,997000000.0,0.44,0.1505,0.1246,0.0687,0.0626,0.0266,3545000000.0,1985000000.0,0.69,,0.7205,,0.69,1043000000.0,,1044000000.0,0.2225,0.1427,FCX
2019-03-31 00:00:00,17552000000.0,13530000000.0,4022000000.0,111000000.0,403000000.0,3616000000.0,,-877000000.0,940000000.0,2739000000.0,590000000.0,2149000000.0,7000000.0,1938000000.0,1.09,0.2291,0.206,0.1561,0.1104,0.0785,5266000000.0,3616000000.0,1.33,0.0008,1.4858,0.0006,1.34,2156000000.0,-3000000.0,2153000000.0,0.3,0.1725,FCX
2018-12-31 00:00:00,18628000000.0,13466000000.0,5162000000.0,105000000.0,422000000.0,4754000000.0,,-862000000.0,945000000.0,3892000000.0,991000000.0,2901000000.0,8000000.0,2602000000.0,1.54,0.2771,0.2552,0.2089,0.1397,0.1261,6508000000.0,4754000000.0,1.79,-0.0099,1.9972,-0.0101,1.8,2909000000.0,-15000000.0,2894000000.0,0.3494,0.2074,FCX
2018-09-30 00:00:00,19985000000.0,13404000000.0,6581000000.0,105000000.0,456000000.0,5917000000.0,,-519000000.0,604000000.0,5398000000.0,1679000000.0,3719000000.0,9000000.0,3158000000.0,2.16,0.3293,0.2961,0.2701,0.158,0.1823,7725000000.0,5917000000.0,2.16,-0.0137,2.5715,-0.0139,2.17,3728000000.0,-3000000.0,3725000000.0,0.3865,0.2792,FCX
2018-06-30 00:00:00,19387000000.0,13089000000.0,6298000000.0,105000000.0,459000000.0,5530000000.0,,-692000000.0,765000000.0,4838000000.0,1544000000.0,3294000000.0,8000000.0,2882000000.0,1.97,0.3249,0.2852,0.2495,0.1487,0.2021,7298000000.0,5530000000.0,1.97,-0.0089,2.2828,-0.009,1.98,3302000000.0,4000000.0,3306000000.0,0.3764,0.2845,FCX
2018-03-31 00:00:00,17930000000.0,12662000000.0,5268000000.0,100000000.0,457000000.0,4552000000.0,,-752000000.0,785000000.0,3800000000.0,1215000000.0,2585000000.0,4000000.0,2281000000.0,1.55,0.2938,0.2539,0.2119,0.1272,0.2054,6328000000.0,4552000000.0,1.56,0.0,1.8,0.0,1.56,2589000000.0,17000000.0,2606000000.0,0.3529,0.2924,FCX
2017-12-31 00:00:00,16403000000.0,11980000000.0,4423000000.0,93000000.0,477000000.0,3690000000.0,,-788000000.0,801000000.0,2902000000.0,883000000.0,2019000000.0,10000000.0,1817000000.0,1.24,0.2696,0.225,0.1769,0.1108,0.1985,5404000000.0,3690000000.0,1.21,0.04,1.4478,0.04,1.21,2029000000.0,66000000.0,2095000000.0,0.3295,0.2845,FCX
2017-09-30 00:00:00,15739000000.0,12015000000.0,3724000000.0,77000000.0,551000000.0,2977000000.0,,-908000000.0,814000000.0,2069000000.0,1039000000.0,1030000000.0,8000000.0,1068000000.0,0.74,0.2366,0.1891,0.1315,0.0679,0.1454,4827000000.0,2977000000.0,0.93,0.0183,0.9472,0.0183,0.93,1038000000.0,48000000.0,1086000000.0,0.3067,0.264,FCX
2017-06-30 00:00:00,15306000000.0,12214000000.0,3092000000.0,63000000.0,557000000.0,2408000000.0,,-788000000.0,697000000.0,1620000000.0,538000000.0,1082000000.0,6000000.0,1005000000.0,0.71,0.202,0.1573,0.1058,0.0657,0.1279,4483000000.0,2408000000.0,0.92,-0.0038,0.9905,-0.0038,0.92,1088000000.0,39000000.0,1127000000.0,0.2929,0.2582,FCX
2017-03-31 00:00:00,14929000000.0,13163000000.0,1766000000.0,59000000.0,610000000.0,1740000000.0,,-747000000.0,731000000.0,993000000.0,468000000.0,525000000.0,8000000.0,258000000.0,0.15,0.1183,0.1166,0.0665,0.0173,0.1081,4017000000.0,1740000000.0,0.51,-0.16,0.4359,-0.16,0.51,533000000.0,-151000000.0,382000000.0,0.2691,0.2538,FCX
2016-12-31 00:00:00,14830000000.0,17534000000.0,-2704000000.0,63000000.0,597000000.0,-2729000000.0,,-743000000.0,755000000.0,-3472000000.0,371000000.0,-3843000000.0,11000000.0,-4154000000.0,-3.36,-0.1823,-0.184,-0.2341,-0.2801,0.0623,-119000000.0,-2729000000.0,-2.96,-0.2,-3.0539,-0.2,-2.96,-3832000000.0,-193000000.0,-4025000000.0,-0.008,0.252,FCX
2016-09-30 00:00:00,13587000000.0,21367000000.0,-7780000000.0,64000000.0,542000000.0,-7659000000.0,,-642000000.0,746000000.0,-8301000000.0,-129000000.0,-8172000000.0,7000000.0,-8527000000.0,-7.04,-0.5726,-0.5637,-0.611,-0.6276,-0.0105,-4862000000.0,-7659000000.0,-7.0265,-0.2079,-6.9796,-0.2079,-7.0265,-8165000000.0,-154000000.0,-8319000000.0,-0.3578,0.236,FCX
2016-06-30 00:00:00,13092000000.0,25117000000.0,-12025000000.0,77000000.0,554000000.0,-11982000000.0,,-658000000.0,716000000.0,-12640000000.0,-364000000.0,-12276000000.0,4000000.0,-12574000000.0,-10.78,-0.9185,-0.9152,-0.9655,-0.9604,-0.1109,-8940000000.0,-11982000000.0,-10.7965,-0.1779,-10.7308,-0.1779,-10.7965,-12272000000.0,-123000000.0,-12395000000.0,-0.6829,0.2328,FCX
2016-03-31 00:00:00,13696000000.0,27408000000.0,-13712000000.0,92000000.0,542000000.0,-14421000000.0,,-632000000.0,662000000.0,-15053000000.0,-1179000000.0,-13874000000.0,4000000.0,-13946000000.0,-12.18,-1.0012,-1.0529,-1.0991,-1.0183,-0.1625,-11141000000.0,-14421000000.0,-12.3465,0.0,-12.1375,0.0,-12.3465,-13871000000.0,87000000.0,-13784000000.0,-0.8134,0.2368,FCX
2015-12-31 00:00:00,14607000000.0,27415000000.0,-12808000000.0,107000000.0,558000000.0,-13512000000.0,,-616000000.0,617000000.0,-14128000000.0,-1951000000.0,-12177000000.0,0.0,-12236000000.0,-11.21,-0.8768,-0.925,-0.9672,-0.8377,-0.2145,-10015000000.0,-13512000000.0,-11.32,,-11.1728,,-11.32,-12180000000.0,,-12089000000.0,-0.6856,0.2204,FCX
2015-09-30 00:00:00,15271000000.0,26577000000.0,-11306000000.0,102000000.0,547000000.0,-13042000000.0,,-573000000.0,568000000.0,-13615000000.0,-2552000000.0,-11063000000.0,0.0,-11007000000.0,-10.49,-0.7404,-0.854,-0.8916,-0.7208,-0.195,-9386000000.0,-13042000000.0,-10.9577,,-10.2149,,-10.9694,-11061000000.0,,-10730000000.0,-0.6146,0.244,FCX
2015-06-30 00:00:00,17585000000.0,23821000000.0,-6236000000.0,105000000.0,583000000.0,-7946000000.0,,-452000000.0,569000000.0,-8398000000.0,-1854000000.0,-6544000000.0,,-6625000000.0,-6.38,-0.3546,-0.4519,-0.4776,-0.3767,-0.1252,-4233000000.0,-7946000000.0,-6.6947,,-5.9986,,-6.7018,-6542000000.0,,-6236000000.0,-0.2407,0.2747,FCX
2015-03-31 00:00:00,19169000000.0,21746000000.0,-2577000000.0,109000000.0,599000000.0,-4372000000.0,,-513000000.0,591000000.0,-4885000000.0,-827000000.0,-4058000000.0,4000000.0,-4292000000.0,-4.14,-0.1344,-0.2281,-0.2548,-0.2239,-0.1212,-536000000.0,-4372000000.0,-4.2831,,-3.6336,,-4.2866,-4054000000.0,,-3777000000.0,-0.028,0.2685,FCX
2014-12-31 00:00:00,20001000000.0,18494000000.0,1507000000.0,106000000.0,580000000.0,-298000000.0,,-502000000.0,606000000.0,-800000000.0,225000000.0,-1025000000.0,2000000.0,-1308000000.0,-1.27,0.0753,-0.0149,-0.04,-0.0654,-0.0792,3565000000.0,-298000000.0,-1.37,,-0.717,,-1.37,-1022000000.0,,-745000000.0,0.1782,0.2815,FCX
2014-09-30 00:00:00,22088000000.0,16158000000.0,5930000000.0,130000000.0,657000000.0,5046000000.0,,-555000000.0,650000000.0,4491000000.0,1542000000.0,2949000000.0,1000000.0,2251000000.0,2.16,0.2685,0.2284,0.2033,0.1019,-0.0077,8989000000.0,5046000000.0,2.8353,,2.8506,,2.8506,2949000000.0,,2949000000.0,0.407,0.3128,FCX
2014-06-30 00:00:00,22557000000.0,16004000000.0,6553000000.0,158000000.0,657000000.0,5621000000.0,,-637000000.0,654000000.0,4984000000.0,1692000000.0,3292000000.0,5000000.0,2520000000.0,2.42,0.2905,0.2492,0.221,0.1117,-0.0004,9538000000.0,5621000000.0,3.1671,,3.1826,,3.1826,3293000000.0,,3293000000.0,0.4228,0.3042,FCX
2014-03-31 00:00:00,21323000000.0,15292000000.0,6031000000.0,188000000.0,679000000.0,5107000000.0,,-461000000.0,622000000.0,4646000000.0,1404000000.0,3242000000.0,,2520000000.0,2.45,0.2828,0.2395,0.2179,0.1182,0.0195,8541000000.0,5107000000.0,3.1554,,3.1698,,3.1698,3243000000.0,,3243000000.0,0.4006,0.3053,FCX
2013-12-31 00:00:00,20921000000.0,14637000000.0,6284000000.0,210000000.0,657000000.0,5351000000.0,,-438000000.0,518000000.0,4913000000.0,1475000000.0,3438000000.0,,2658000000.0,2.64,0.3004,0.2558,0.2348,0.127,0.0408,8148000000.0,5351000000.0,3.4204,,3.4341,,3.4341,3441000000.0,,3441000000.0,0.3895,0.2934,FCX
2013-09-30 00:00:00,19549000000.0,13745000000.0,5804000000.0,244000000.0,577000000.0,5059000000.0,,-289000000.0,389000000.0,4770000000.0,1349000000.0,3421000000.0,6000000.0,2694000000.0,2.74,0.2969,0.2588,0.244,0.1378,0.0209,7160000000.0,5059000000.0,3.4787,,3.4952,,3.4952,3427000000.0,,3427000000.0,0.3663,0.2562,FCX
2013-06-30 00:00:00,17801000000.0,12384000000.0,5417000000.0,266000000.0,529000000.0,4763000000.0,,-187000000.0,269000000.0,4576000000.0,1065000000.0,3511000000.0,8000000.0,2697000000.0,2.82,0.3043,0.2676,0.2571,0.1515,-0.0166,6243000000.0,4763000000.0,3.6701,,3.6869,,3.6869,3519000000.0,,3519000000.0,0.3507,0.2054,FCX
2013-03-31 00:00:00,17988000000.0,11914000000.0,6074000000.0,275000000.0,440000000.0,5435000000.0,,-188000000.0,180000000.0,5247000000.0,1447000000.0,3800000000.0,3000000.0,2925000000.0,3.08,0.3377,0.3021,0.2917,0.1626,0.0118,6676000000.0,5435000000.0,3.9883,,4.0065,,4.0065,3803000000.0,,3803000000.0,0.3711,0.2115,FCX
2012-12-31 00:00:00,18010000000.0,11561000000.0,6449000000.0,285000000.0,431000000.0,5814000000.0,,-327000000.0,186000000.0,5487000000.0,1510000000.0,3977000000.0,3000000.0,3041000000.0,3.21,0.3581,0.3228,0.3047,0.1689,0.0155,6993000000.0,5814000000.0,4.1719,,4.1939,,4.1939,3980000000.0,,3980000000.0,0.3883,0.2096,FCX
