Date,Revenue,Cost of Revenue,Gross Profit,R&D Expenses,SG&A Expenses,Operating Income,Non-operating Income/Expense,Non-operating Interest Expenses,EBT,Income Tax Provision,Income after Tax,Net Income Common,EPS (Basic),Gross Margin,EBIT Margin,EBT margin,Net Profit Margin,Free Cash Flow Margin,EBITDA,EBIT,"EPS (Diluted, from Cont. Ops)","EPS (Basic, Consolidated)","EPS (Basic, from Continuous Ops)",Income from Continuous Operations,Consolidated Net Income/Loss,EBITDA Margin,Operating Cash Flow Margin,Ticker
2022-09-30 00:00:00,2695845000.0,558090000.0,2137755000.0,537037000.0,1201149000.0,403791900.0,7025000.0,,385393000.0,63233000.0,322160000.0,322160000.0,5.29,0.793,0.1498,0.143,0.1195,0.171,612664000.0,403792000.0,5.2729,5.3449,5.3449,322160000.0,322160000.0,0.2273,0.1835,FFIV
2022-06-30 00:00:00,2677809000.0,562114000.0,2115695000.0,529546000.0,1182718000.0,422626000.0,1633000.0,,409175000.0,65643000.0,343532000.0,343532000.0,5.6,0.7901,0.1578,0.1528,0.1283,0.1886,633616000.0,422626000.0,5.5746,5.6792,5.6792,343532000.0,343532000.0,0.2366,0.2006,FFIV
2022-03-31 00:00:00,2654836000.0,542595000.0,2112241000.0,524092000.0,1186080000.0,411574100.0,5691000.0,,402181000.0,52064000.0,350117000.0,350117000.0,5.72,0.7956,0.155,0.1515,0.1319,0.2272,603366000.0,411574100.0,5.662,5.7835,5.7835,350117000.0,350117000.0,0.2273,0.2394,FFIV
2021-12-31 00:00:00,2665899000.0,535121000.0,2130778000.0,528707000.0,1211448000.0,390428100.0,6248000.0,1700000.0,381592000.0,44470000.0,337122000.0,337122000.0,5.51,0.7993,0.1465,0.1431,0.1265,0.221,561807000.0,390428100.0,5.4419,5.5679,5.5679,337122000.0,337122000.0,0.2107,0.2347,FFIV
2021-09-30 00:00:00,2603416000.0,505613000.0,2097803000.0,512627000.0,1189451000.0,394025200.0,-5788000.0,2500000.0,386937000.0,55696000.0,331241000.0,331241000.0,5.43,0.8058,0.1513,0.1486,0.1272,0.2411,529643000.0,394025200.0,5.3378,5.4565,5.4565,331241000.0,331241000.0,0.2034,0.2529,FFIV
2021-06-30 00:00:00,2536235100.0,476435000.0,2059800100.0,508227000.0,1185299000.0,366274100.0,-5313000.0,3200000.0,360961000.0,62775000.0,298186000.0,298186000.0,4.9,0.8121,0.1444,0.1423,0.1176,0.232,477779100.0,366274100.0,4.8103,4.8973,4.8973,298186000.0,298186000.0,0.1884,0.2461,FFIV
2021-03-31 00:00:00,2467972100.0,461571000.0,2006401100.0,490935000.0,1157983000.0,357483100.0,-3009000.0,5100000.0,354474000.0,76020000.0,278454000.0,278454000.0,4.56,0.813,0.1448,0.1436,0.1128,0.2279,466413100.0,357483100.0,4.4875,4.5544,4.5544,278454000.0,278454000.0,0.189,0.2435,FFIV
2020-12-31 00:00:00,2406134100.0,434224000.0,1971910100.0,459510000.0,1124720000.0,387680100.0,-1773000.0,,385907000.0,89315000.0,296592000.0,296592000.0,4.86,0.8195,0.1611,0.1604,0.1233,0.2543,492218100.0,387680100.0,4.7966,4.85,4.85,296592000.0,296592000.0,0.2046,0.2719,FFIV
2020-09-30 00:00:00,2350822100.0,407887000.0,1942935100.0,441324000.0,1101544000.0,392267100.0,4130000.0,,396397000.0,88956000.0,307441000.0,307441000.0,5.05,0.8265,0.1669,0.1686,0.1308,0.2556,488124100.0,392267100.0,5.0089,5.0474,5.0474,307441000.0,307441000.0,0.2076,0.2811,FFIV
2020-06-30 00:00:00,2326393900.0,386838000.0,1939555900.0,423836000.0,1099552000.0,408367900.0,8617000.0,,416985000.0,92370000.0,324615000.0,324615000.0,5.35,0.8337,0.1755,0.1792,0.1395,0.2677,499566900.0,408368000.0,5.3182,5.3514,5.3514,324615000.0,324615000.0,0.2147,0.2971,FFIV
2020-03-31 00:00:00,2306535900.0,371565000.0,1934970900.0,424739000.0,1078945000.0,423486900.0,13198000.0,,436685000.0,96037000.0,340648000.0,340648000.0,5.63,0.8389,0.1836,0.1893,0.1477,0.2572,506859900.0,423487000.0,5.6076,5.6377,5.6377,340648000.0,340648000.0,0.2197,0.2958,FFIV
2019-12-31 00:00:00,2267981900.0,358505000.0,1909476900.0,412025000.0,1007070000.0,482581900.0,20773000.0,,503355000.0,107999000.0,395356000.0,395356000.0,6.56,0.8419,0.2128,0.2219,0.1743,0.2598,556066900.0,482582000.0,6.5366,6.5743,6.5743,395356000.0,395356000.0,0.2452,0.306,FFIV
2019-09-30 00:00:00,2242446900.0,356577000.0,1885869900.0,408058000.0,959349000.0,518462900.0,22648000.0,,541111000.0,113377000.0,427734000.0,427734000.0,7.11,0.841,0.2312,0.2413,0.1907,0.2873,586969900.0,518463000.0,7.075,7.1237,7.1237,427734000.0,427734000.0,0.2618,0.3335,FFIV
2019-06-30 00:00:00,2214767900.0,359099000.0,1855668900.0,400324000.0,879578000.0,557340900.0,24918000.0,,582259000.0,116481000.0,465778000.0,465778000.0,7.74,0.8379,0.2516,0.2629,0.2103,0.2915,619395900.0,557340900.0,7.6635,7.7368,7.7368,465778000.0,465778000.0,0.2797,0.3369,FFIV
2019-03-31 00:00:00,2193576900.0,359341000.0,1834235900.0,377491000.0,831765000.0,606553900.0,22455000.0,,629009000.0,126393000.0,502616000.0,502616000.0,8.32,0.8362,0.2765,0.2868,0.2291,0.3148,664241900.0,606553900.0,8.2279,8.3178,8.3178,502616000.0,502616000.0,0.3028,0.3546,FFIV
2018-12-31 00:00:00,2181985900.0,360808000.0,1821177900.0,372233000.0,823401000.0,607117900.0,17811000.0,,624929000.0,128764000.0,496165000.0,496165000.0,8.17,0.8346,0.2782,0.2864,0.2274,0.3212,665429900.0,607117900.0,8.0607,8.1578,8.1578,496165000.0,496165000.0,0.305,0.3524,FFIV
2018-09-30 00:00:00,2161406900.0,361481000.0,1799925900.0,366084000.0,824517000.0,590898900.0,12861000.0,,603760000.0,150071000.0,453689000.0,453689000.0,7.42,0.8328,0.2734,0.2793,0.2099,0.3278,650389900.0,590898900.0,7.3159,7.4057,7.4057,453689000.0,453689000.0,0.3009,0.3521,FFIV
2018-06-30 00:00:00,2136696000.0,358582000.0,1778114100.0,356485000.0,822244000.0,586142000.0,12221000.0,,598363000.0,141812000.0,456551100.0,456551000.0,7.37,0.8322,0.2743,0.28,0.2137,0.3404,645768000.0,586142000.0,7.2826,7.3595,7.3595,456551100.0,456551100.0,0.3022,0.3603,FFIV
2018-03-31 00:00:00,2112330000.0,357343000.0,1754987100.0,351026000.0,817384000.0,573333000.0,12551000.0,,585884000.0,154414000.0,431470100.0,431470000.0,6.89,0.8308,0.2714,0.2774,0.2043,0.3409,634252000.0,573333000.0,6.8085,6.8738,6.8738,431470100.0,431470100.0,0.3003,0.3552,FFIV
2017-12-31 00:00:00,2097274000.0,355610000.0,1741664100.0,349204000.0,810852000.0,568499000.0,11063000.0,,579562000.0,164590000.0,414972100.0,414972000.0,6.54,0.8304,0.2711,0.2763,0.1979,0.339,629940000.0,568499000.0,6.4742,6.5333,6.5333,414972100.0,414972100.0,0.3004,0.3533,FFIV
2017-09-30 00:00:00,2090041000.0,353485000.0,1736556100.0,350365000.0,809126000.0,563956000.0,11561000.0,,575517000.0,154756000.0,420761100.0,420761000.0,6.57,0.8309,0.2698,0.2754,0.2013,0.3338,625104000.0,563956000.0,6.4958,6.5567,6.5567,420761100.0,420761100.0,0.2991,0.3542,FFIV
2017-06-30 00:00:00,2077392100.0,347893000.0,1729499100.0,348632000.0,802617000.0,577754200.0,6802000.0,,584556000.0,190603000.0,393953000.0,393953000.0,6.08,0.8325,0.2781,0.2814,0.1896,0.3259,637849200.0,577754100.0,6.0051,6.0633,6.0633,393953000.0,393953000.0,0.307,0.352,FFIV
2017-03-31 00:00:00,2056077100.0,342466000.0,1713611100.0,343072000.0,793099000.0,577472200.0,5191000.0,,582663000.0,194583000.0,388080000.0,388080000.0,5.92,0.8334,0.2809,0.2834,0.1887,0.3289,636679200.0,577472100.0,5.8529,5.9088,5.9088,388080000.0,388080000.0,0.3097,0.3595,FFIV
2016-12-31 00:00:00,2021506100.0,336784000.0,1684722100.0,340132000.0,781657000.0,553882200.0,4022000.0,,557904000.0,187547000.0,370357000.0,370357000.0,5.6,0.8334,0.274,0.276,0.1832,0.3102,611782200.0,553882100.0,5.5329,5.5807,5.5807,370357000.0,370357000.0,0.3026,0.3448,FFIV
2016-09-30 00:00:00,1995034100.0,337205000.0,1657829100.0,334227000.0,767174000.0,547377200.0,2514000.0,,549891000.0,184036000.0,365855000.0,365855000.0,5.44,0.831,0.2744,0.2756,0.1834,0.3224,604153200.0,547377100.0,5.3815,5.4254,5.4254,365855000.0,365855000.0,0.3028,0.3567,FFIV
2016-06-30 00:00:00,1970986100.0,336914000.0,1634072000.0,328146000.0,765162000.0,532343100.0,4111000.0,,536454000.0,182497000.0,353957000.0,353957000.0,5.15,0.8291,0.2701,0.2722,0.1796,0.3158,587985100.0,532343000.0,5.1129,5.1488,5.1488,353957000.0,353957000.0,0.2983,0.3505,FFIV
2016-03-31 00:00:00,1958050100.0,338230000.0,1619820000.0,319441000.0,757820000.0,533611100.0,3853000.0,,537464000.0,182124000.0,355340000.0,355340000.0,5.08,0.8273,0.2725,0.2745,0.1815,0.3164,587787100.0,533611000.0,5.0425,5.0787,5.0787,355340000.0,355340000.0,0.3002,0.3538,FFIV
2015-12-31 00:00:00,1946516100.0,338596000.0,1607920000.0,307668000.0,748719000.0,551533100.0,6986000.0,,558519000.0,192865000.0,365654000.0,365654000.0,5.15,0.8261,0.2833,0.2869,0.1879,0.3235,604837100.0,551533000.0,5.1092,5.149,5.149,365654000.0,365654000.0,0.3107,0.3607,FFIV
2015-09-30 00:00:00,1919823100.0,332261000.0,1587562000.0,296583000.0,738080000.0,552899100.0,8445000.0,,561344000.0,196330000.0,365014000.0,365014000.0,5.07,0.8269,0.288,0.2924,0.1901,0.3216,605482100.0,552899000.0,5.0314,5.0735,5.0735,365014000.0,365014000.0,0.3154,0.3566,FFIV
2015-06-30 00:00:00,1883788000.0,329555000.0,1554233100.0,284319000.0,717133000.0,552781000.0,8903000.0,,561684000.0,199686000.0,361998000.0,361998000.0,4.97,0.8251,0.2934,0.2982,0.1922,0.327,604072000.0,552781000.0,4.9272,4.968,4.968,361998000.0,361998000.0,0.3207,0.3562,FFIV
2015-03-31 00:00:00,1840487000.0,323358000.0,1517129100.0,277008000.0,701391000.0,538730000.0,9376000.0,,548106000.0,199807000.0,348299000.0,348299000.0,4.73,0.8243,0.2927,0.2978,0.1892,0.3246,588427000.0,538730000.0,4.6869,4.7274,4.7274,348299000.0,348299000.0,0.3197,0.346,FFIV
2014-12-31 00:00:00,1788387000.0,316424000.0,1471963100.0,269719000.0,685505000.0,516739000.0,6133000.0,,522872000.0,190661000.0,332211000.0,332211000.0,4.46,0.8231,0.2889,0.2924,0.1858,0.3059,564465000.0,516739000.0,4.4213,4.463,4.463,332211000.0,332211000.0,0.3156,0.3223,FFIV
2014-09-30 00:00:00,1732046000.0,309959000.0,1422087100.0,263792000.0,664738000.0,493557000.0,3785000.0,,497342000.0,186159000.0,311183000.0,311183000.0,4.13,0.821,0.285,0.2871,0.1797,0.3038,539678000.0,493557000.0,4.0896,4.1273,4.1273,311183000.0,311183000.0,0.3116,0.317,FFIV
2014-06-30 00:00:00,1662109000.0,294950000.0,1367159000.0,252855000.0,640653900.0,471257000.0,2194000.0,,473451000.0,180058000.0,293393000.0,293393000.0,3.83,0.8225,0.2835,0.2848,0.1765,0.3046,515612000.0,471257000.0,3.804,3.8359,3.8359,293393000.0,293393000.0,0.3102,0.3171,FFIV
2014-03-31 00:00:00,1592126000.0,280405000.0,1311721000.0,239904000.0,620168900.0,449255000.0,3875000.0,,453130000.0,171032000.0,282098000.0,282098000.0,3.64,0.8239,0.2822,0.2846,0.1772,0.3098,492025000.0,449255000.0,3.614,3.6419,3.6419,282098000.0,282098000.0,0.309,0.3235,FFIV
2013-12-31 00:00:00,1522315000.0,265045000.0,1257270000.0,225206000.0,598803900.0,430867000.0,5970000.0,,436837000.0,160968000.0,275869000.0,275869000.0,3.53,0.8259,0.283,0.287,0.1812,0.3219,472375000.0,430867000.0,3.5021,3.5264,3.5264,275869000.0,275869000.0,0.3103,0.3375,FFIV
2013-09-30 00:00:00,1481314000.0,253047000.0,1228267000.0,209614000.0,585441900.0,430818000.0,7274000.0,,438092000.0,160778000.0,277314000.0,277314000.0,3.53,0.8292,0.2908,0.2957,0.1872,0.3194,470823000.0,430818000.0,3.5043,3.5297,3.5297,277314000.0,277314000.0,0.3178,0.3373,FFIV
2013-06-30 00:00:00,1448543900.0,248785000.0,1199758900.0,202881000.0,579407000.0,417471000.0,7451000.0,,424922000.0,156122000.0,268800000.0,268800000.0,3.42,0.8283,0.2882,0.2933,0.1856,0.3227,457328000.0,417471000.0,3.3904,3.4145,3.4145,268800000.0,268800000.0,0.3157,0.3453,FFIV
2013-03-31 00:00:00,1430875900.0,244155000.0,1186720900.0,195791000.0,567536000.0,423394000.0,6290000.0,,429684000.0,156726000.0,272958000.0,272958000.0,3.46,0.8294,0.2959,0.3003,0.1908,0.3184,463511000.0,423394000.0,3.434,3.4603,3.4603,272958000.0,272958000.0,0.3239,0.3406,FFIV
2012-12-31 00:00:00,1420265900.0,241447000.0,1178818900.0,186825000.0,556396000.0,435598000.0,5600000.0,,441198000.0,163011000.0,278187000.0,278187000.0,3.52,0.83,0.3067,0.3106,0.1959,0.4243,474849000.0,435598000.0,3.4929,3.5207,3.5207,278187000.0,278187000.0,0.3343,0.4508,FFIV
