Date,Revenue,Cost of Revenue,Gross Profit,SG&A Expenses,Operating Income,Interest Expense (Operating),Non-operating Income/Expense,Non-operating Interest Expenses,EBT,Income Tax Provision,Income after Tax,Share of Subsidiary Earnings,Net Income Common,EPS (Basic),Gross Margin,EBIT Margin,EBT margin,Net Profit Margin,Free Cash Flow Margin,EBITDA,EBIT,"EPS (Diluted, from Cont. Ops)","EPS (Diluted, from Disc. Ops)","EPS (Basic, Consolidated)","EPS (Basic, from Discontinued Ops)","EPS (Basic, from Continuous Ops)",Income from Continuous Operations,Income from Discontinued Operations,Consolidated Net Income/Loss,EBITDA Margin,Operating Cash Flow Margin,Ticker
2022-09-30 00:00:00,14487000000.0,8875000000.0,5612000000.0,4060000000.0,1448000000.0,212000000.0,1739000000.0,214000000.0,1293000000.0,347000000.0,946000000.0,,937000000.0,1.53,0.3874,0.1,0.0893,0.0647,0.1694,5321000000.0,1448000000.0,1.5443,,1.5477,,1.5477,946000000.0,,946000000.0,0.3673,0.27,FIS
2022-06-30 00:00:00,14390000000.0,8905000000.0,5485000000.0,3885000000.0,1124000000.0,182000000.0,2148000000.0,184000000.0,1150000000.0,297000000.0,853000000.0,,846000000.0,1.38,0.3812,0.0781,0.0799,0.0588,0.2416,5331000000.0,1124000000.0,1.3859,,1.3905,,1.3905,853000000.0,,853000000.0,0.3705,0.3382,FIS
2022-03-31 00:00:00,14146000000.0,8806000000.0,5340000000.0,3780000000.0,1113000000.0,183000000.0,1219000000.0,185000000.0,1432000000.0,522000000.0,910000000.0,,910000000.0,1.48,0.3775,0.0787,0.1012,0.0643,0.2478,6049000000.0,1113000000.0,1.4757,,1.4825,,1.4825,915000000.0,,915000000.0,0.4276,0.3443,FIS
2021-12-31 00:00:00,13877000000.0,8682000000.0,5195000000.0,3751000000.0,1055000000.0,214000000.0,393000000.0,216000000.0,789000000.0,371000000.0,418000000.0,,417000000.0,0.68,0.3744,0.076,0.0569,0.03,0.2565,5690000000.0,1055000000.0,0.6828,,0.6883,,0.6883,424000000.0,,424000000.0,0.41,0.3466,FIS
2021-09-30 00:00:00,13520000000.0,8540000000.0,4980000000.0,3688000000.0,767000000.0,250000000.0,165000000.0,255000000.0,475000000.0,247000000.0,228000000.0,,230000000.0,0.38,0.3683,0.0567,0.0351,0.017,0.2919,5114000000.0,767000000.0,0.3765,,0.3856,,0.3856,236000000.0,,236000000.0,0.3783,0.3783,FIS
2021-06-30 00:00:00,13210000000.0,8466000000.0,4744000000.0,3748000000.0,860000000.0,288000000.0,-444000000.0,293000000.0,416000000.0,327000000.0,89000000.0,1000000.0,92000000.0,0.15,0.3591,0.0651,0.0315,0.007,0.2663,4698000000.0,860000000.0,0.1515,,0.1585,,0.1585,97000000.0,,97000000.0,0.3556,0.3553,FIS
2021-03-31 00:00:00,12697000000.0,8377000000.0,4320000000.0,3641000000.0,543000000.0,328000000.0,-734000000.0,333000000.0,-191000000.0,29000000.0,-220000000.0,-5000000.0,-230000000.0,-0.37,0.3402,0.0428,-0.015,-0.0181,0.2972,4326000000.0,543000000.0,-0.363,,-0.36,,-0.36,-224000000.0,,-224000000.0,0.3407,0.3855,FIS
2020-12-31 00:00:00,12552000000.0,8348000000.0,4204000000.0,3516000000.0,552000000.0,334000000.0,-286000000.0,339000000.0,266000000.0,96000000.0,170000000.0,0.0,158000000.0,0.25,0.3349,0.044,0.0212,0.0126,0.2639,4297000000.0,552000000.0,0.2616,,0.265,,0.265,164000000.0,,164000000.0,0.3423,0.3539,FIS
2020-09-30 00:00:00,12579000000.0,8226000000.0,4353000000.0,3845000000.0,508000000.0,347000000.0,-527000000.0,399000000.0,-19000000.0,75000000.0,-94000000.0,,-104000000.0,-0.18,0.3461,0.0404,-0.0015,-0.0083,0.2044,4255000000.0,508000000.0,-0.4594,,-0.4624,,-0.4624,-96000000.0,,-96000000.0,0.3383,0.2936,FIS
2020-06-30 00:00:00,12204000000.0,7960000000.0,4244000000.0,3740000000.0,417000000.0,,-370000000.0,410000000.0,47000000.0,2000000.0,45000000.0,-7000000.0,30000000.0,0.09,0.3478,0.0342,0.0039,0.0025,0.1715,3985000000.0,417000000.0,-0.1968,,-0.1956,,-0.1956,38000000.0,,38000000.0,0.3265,0.2625,FIS
2020-03-31 00:00:00,11354000000.0,7318000000.0,4036000000.0,3187000000.0,762000000.0,,-548000000.0,394000000.0,214000000.0,38000000.0,176000000.0,-4000000.0,165000000.0,0.54,0.3555,0.0671,0.0188,0.0145,0.133,3780000000.0,762000000.0,0.2436,,0.2488,,0.2488,172000000.0,,172000000.0,0.3329,0.2201,FIS
2019-12-31 00:00:00,10333000000.0,6610000000.0,3723000000.0,2667000000.0,969000000.0,,-556000000.0,389000000.0,413000000.0,100000000.0,313000000.0,-10000000.0,298000000.0,0.98,0.3603,0.0938,0.04,0.0288,0.1531,3437000000.0,969000000.0,0.6719,,0.6809,,0.6809,303000000.0,,303000000.0,0.3326,0.2332,FIS
2019-09-30 00:00:00,9158000000.0,6000000000.0,3158000000.0,1756000000.0,1315000000.0,,-320000000.0,331000000.0,995000000.0,206000000.0,789000000.0,-19000000.0,754000000.0,2.16,0.3448,0.1436,0.1086,0.0823,0.1904,3184000000.0,1315000000.0,2.1665,,2.1927,,2.1927,770000000.0,,770000000.0,0.3477,0.2671,FIS
2019-06-30 00:00:00,8420000000.0,5526000000.0,2894000000.0,1282000000.0,1517000000.0,,-527000000.0,316000000.0,990000000.0,195000000.0,795000000.0,-18000000.0,754000000.0,2.33,0.3437,0.1802,0.1176,0.0895,0.1662,2985000000.0,1517000000.0,2.3612,,2.3874,,2.3874,777000000.0,,777000000.0,0.3545,0.2363,FIS
2019-03-31 00:00:00,8414000000.0,5536000000.0,2878000000.0,1304000000.0,1479000000.0,,-412000000.0,317000000.0,1067000000.0,206000000.0,861000000.0,-21000000.0,812000000.0,2.49,0.342,0.1758,0.1268,0.0965,0.159,2931000000.0,1479000000.0,2.5419,,2.5716,,2.5716,840000000.0,,840000000.0,0.3483,0.2297,FIS
2018-12-31 00:00:00,8423000000.0,5569000000.0,2854000000.0,1301000000.0,1458000000.0,,-354000000.0,314000000.0,1104000000.0,208000000.0,896000000.0,-15000000.0,846000000.0,2.58,0.3388,0.1731,0.1311,0.1004,0.1628,2895000000.0,1458000000.0,2.6537,,2.6861,,2.6861,881000000.0,,881000000.0,0.3437,0.2366,FIS
2018-09-30 00:00:00,8422000000.0,5589000000.0,2833000000.0,1318000000.0,1420000000.0,,-350000000.0,316000000.0,1070000000.0,-459000000.0,1529000000.0,,1482000000.0,4.64,0.3364,0.1686,0.127,0.176,0.1569,2848000000.0,1420000000.0,4.5163,,4.5911,,4.5911,1514000000.0,,1514000000.0,0.3382,0.2315,FIS
2018-06-30 00:00:00,8434000000.0,5611000000.0,2823000000.0,1360000000.0,1463000000.0,,-478000000.0,320000000.0,985000000.0,-446000000.0,1431000000.0,,1387000000.0,4.35,0.3347,0.1735,0.1168,0.1645,0.1665,2873000000.0,1463000000.0,4.2293,,4.3026,,4.3026,1420000000.0,,1420000000.0,0.3406,0.2414,FIS
2018-03-31 00:00:00,8586000000.0,5717000000.0,2869000000.0,1389000000.0,1480000000.0,,-488000000.0,338000000.0,992000000.0,-361000000.0,1353000000.0,,1314000000.0,4.11,0.3341,0.1724,0.1155,0.153,0.1177,2878000000.0,1480000000.0,4.0147,,4.0855,,4.0855,1349000000.0,,1349000000.0,0.3352,0.1911,FIS
2017-12-31 00:00:00,8668000000.0,5794000000.0,2874000000.0,1442000000.0,1432000000.0,,-456000000.0,359000000.0,976000000.0,-321000000.0,1297000000.0,,1261000000.0,3.98,0.3316,0.1652,0.1126,0.1455,0.1301,2817000000.0,1432000000.0,3.8512,,3.9213,,3.9213,1294000000.0,,1294000000.0,0.325,0.2009,FIS
2017-09-30 00:00:00,8538000000.0,5612000000.0,2926000000.0,1561000000.0,1365000000.0,,-490000000.0,387000000.0,875000000.0,351000000.0,524000000.0,,491000000.0,1.63,0.3427,0.1599,0.1025,0.0575,0.1223,2677000000.0,1365000000.0,1.5509,,1.594,,1.5656,524000000.0,,524000000.0,0.3135,0.1947,FIS
2017-06-30 00:00:00,8751000000.0,5753000000.0,2998000000.0,1620000000.0,1378000000.0,,-328000000.0,401000000.0,1050000000.0,404000000.0,646000000.0,,617000000.0,2.02,0.3426,0.1575,0.12,0.0705,0.1158,2647000000.0,1378000000.0,1.9055,,1.9714,,1.9271,646000000.0,,646000000.0,0.3025,0.1866,FIS
2017-03-31 00:00:00,8798000000.0,5833000000.0,2965000000.0,1674000000.0,1291000000.0,,-335000000.0,403000000.0,956000000.0,334000000.0,622000000.0,,599000000.0,1.99,0.337,0.1467,0.1087,0.0681,0.1555,2509000000.0,1291000000.0,1.8254,,1.9074,,1.8516,622000000.0,,623000000.0,0.2852,0.2266,FIS
2016-12-31 00:00:00,8831000000.0,5895000000.0,2936000000.0,1707000000.0,1229000000.0,,-392000000.0,403000000.0,837000000.0,291000000.0,546000000.0,,525000000.0,1.74,0.3325,0.1392,0.0948,0.0594,0.1482,2401000000.0,1229000000.0,1.59,-0.017,1.6779,-0.0169,1.61,546000000.0,,547000000.0,0.2719,0.218,FIS
2016-09-30 00:00:00,8670000000.0,5913000000.0,2757000000.0,1633000000.0,1124000000.0,,-375000000.0,374000000.0,749000000.0,265000000.0,484000000.0,,467000000.0,1.47,0.318,0.1296,0.0864,0.0539,0.1407,2223000000.0,1124000000.0,1.43,,1.5126,,1.46,484000000.0,,485000000.0,0.2564,0.2047,FIS
2016-06-30 00:00:00,7940000000.0,5408000000.0,2532000000.0,1468000000.0,1064000000.0,,-327000000.0,312000000.0,737000000.0,262000000.0,475000000.0,,457000000.0,1.52,0.3189,0.134,0.0928,0.0576,0.1283,2025000000.0,1064000000.0,1.49,-0.027,1.5696,-0.0269,1.52,475000000.0,-6000000.0,474000000.0,0.255,0.1899,FIS
2016-03-31 00:00:00,7222000000.0,4878000000.0,2344000000.0,1276000000.0,1068000000.0,,-117000000.0,255000000.0,951000000.0,352000000.0,599000000.0,,576000000.0,2.0,0.3246,0.1479,0.1317,0.0798,0.1144,1891000000.0,1068000000.0,1.98,,2.06,,2.01,599000000.0,,595000000.0,0.2618,0.1779,FIS
2015-12-31 00:00:00,6596000000.0,4395000000.0,2201000000.0,1102000000.0,1099000000.0,,-62000000.0,199000000.0,1037000000.0,379000000.0,658000000.0,,632000000.0,2.22,0.3337,0.1666,0.1572,0.0958,0.1086,1779000000.0,1099000000.0,2.21,,2.2843,,2.24,658000000.0,,651000000.0,0.2697,0.1715,FIS
2015-09-30 00:00:00,6409300000.0,4277600000.0,2131700100.0,940200000.0,1191500100.0,,-19800000.0,161300000.0,1171700000.0,415300000.0,756400000.0,,721200000.0,2.55,0.3326,0.1859,0.1828,0.1125,0.1202,1827200100.0,1191500000.0,2.57,-0.0527,2.6357,-0.0526,2.6,756400000.0,-13700000.0,742700000.0,0.2851,0.1835,FIS
2015-06-30 00:00:00,6435600000.0,4330100000.0,2105500100.0,928300000.0,1177200200.0,,-56300000.0,163000000.0,1120900000.0,387400000.0,733500000.0,,696700000.0,2.46,0.3272,0.1829,0.1742,0.1083,0.1126,1819400200.0,1177200100.0,2.48,-0.0469,2.5506,-0.0468,2.51,733500000.0,-12900000.0,720600000.0,0.2827,0.1754,FIS
2015-03-31 00:00:00,6447700000.0,4352600000.0,2095100100.0,895200000.0,1199900200.0,,-215400000.0,168900000.0,984500000.0,311800000.0,672700000.0,,635500000.0,2.24,0.3249,0.1861,0.1527,0.0986,0.1226,1845700200.0,1199900100.0,2.25,-0.04,2.3277,-0.04,2.28,672700000.0,-11800000.0,660900000.0,0.2863,0.182,FIS
2014-12-31 00:00:00,6413000000.0,4327000000.0,2086000100.0,815000000.0,1271000200.0,,-218000000.0,173000000.0,1053000000.0,335000000.0,718000000.0,,679000000.0,2.39,0.3253,0.1982,0.1642,0.1059,0.1237,1917000200.0,1271000100.0,2.39,-0.04,2.4807,-0.04,2.42,718000000.0,-11000000.0,707000000.0,0.2989,0.1817,FIS
2014-09-30 00:00:00,6297300000.0,4269500000.0,2027799800.0,886900000.0,1140899900.0,,-220900000.0,174500000.0,920000000.0,328400000.0,591600000.0,,555700000.0,1.95,0.322,0.1812,0.1461,0.0882,0.1114,1782099900.0,1140899900.0,1.95,-0.0273,2.0445,-0.0274,1.96,591600000.0,-7100000.0,584500000.0,0.283,0.1702,FIS
2014-06-30 00:00:00,6192000000.0,4190100000.0,2001899800.0,867000000.0,1134899900.0,,-166200000.0,180500000.0,968700000.0,354100000.0,614600000.0,,577500000.0,2.02,0.3233,0.1833,0.1564,0.0933,0.1306,1765099900.0,1134899900.0,2.02,-0.0331,2.106,-0.0332,2.03,614600000.0,-8900000.0,605700000.0,0.2851,0.1897,FIS
2014-03-31 00:00:00,6105700000.0,4129100000.0,1976599800.0,902700000.0,1073900000.0,,-234400000.0,188000000.0,839500000.0,314900000.0,524600000.0,,503500000.0,1.75,0.3237,0.1759,0.1375,0.0825,0.1184,1707600000.0,1073900000.0,1.71,0.01,1.833,0.01,1.72,524600000.0,4800000.0,529400000.0,0.2797,0.1761,FIS
2013-12-31 00:00:00,6063400000.0,4092700000.0,1970699800.0,907800000.0,1062900000.0,,-239400000.0,198600000.0,823500000.0,308900000.0,514600000.0,,493100000.0,1.71,0.325,0.1753,0.1358,0.0813,0.1194,1697400000.0,1062900000.0,1.67,0.01,1.787,0.01,1.69,514600000.0,3100000.0,517700000.0,0.2799,0.1749,FIS
2013-09-30 00:00:00,5979100000.0,4051400000.0,1927700000.0,803000000.0,1124700200.0,,-249500000.0,206100000.0,875200000.0,292300000.0,582900000.0,,557900000.0,1.93,0.3224,0.1881,0.1464,0.0933,0.1164,1761300200.0,1124700000.0,1.89,-0.01,2.005,0.01,1.92,582900000.0,-600000.0,582300000.0,0.2946,0.168,FIS
2013-06-30 00:00:00,5916000000.0,4025100000.0,1890900000.0,796000000.0,1094900100.0,,-267200000.0,216400000.0,827700000.0,273500000.0,554200000.0,,472400000.0,1.63,0.3196,0.1851,0.1399,0.0799,0.1101,1735400100.0,1094899900.0,1.79,-0.2,1.7017,-0.19,1.82,554200000.0,-58600000.0,495600000.0,0.2933,0.1604,FIS
2013-03-31 00:00:00,5860400000.0,3974700000.0,1885700000.0,756800000.0,1128900000.0,,-214300000.0,223600000.0,914600000.0,297600000.0,617000000.0,,518200000.0,1.78,0.3218,0.1926,0.1561,0.0884,0.1272,1767600000.0,1128899800.0,2.0,-0.26,1.8512,-0.25,2.03,617000000.0,-76600000.0,540400000.0,0.3016,0.1792,FIS
2012-12-31 00:00:00,5795800000.0,3956200000.0,1839600000.0,763300000.0,1076300000.0,,-248000000.0,231300000.0,828300000.0,270100000.0,558200000.0,,461200000.0,1.58,0.3174,0.1857,0.1429,0.0796,0.1295,1738500000.0,1076299800.0,1.81,-0.26,1.6488,-0.26,1.84,558200000.0,-77100000.0,481100000.0,0.3,0.1806,FIS
