Date,Revenue,Cost of Revenue,Gross Profit,R&D Expenses,SG&A Expenses,Operating Income,Interest Expense (Operating),Non-operating Income/Expense,Non-operating Interest Expenses,EBT,Income Tax Provision,Income after Tax,Net Income Common,EPS (Basic),Gross Margin,EBIT Margin,EBT margin,Net Profit Margin,Free Cash Flow Margin,EBITDA,EBIT,"EPS (Diluted, from Cont. Ops)","EPS (Diluted, from Disc. Ops)","EPS (Basic, Consolidated)","EPS (Basic, from Discontinued Ops)","EPS (Basic, from Continuous Ops)",Income from Continuous Operations,Income from Discontinued Operations,Consolidated Net Income/Loss,EBITDA Margin,Operating Cash Flow Margin,Ticker
2022-09-30 00:00:00,5594000000.0,3287000000.0,2307000000.0,316000000.0,757800000.0,1029700800.0,136000000.0,141000000.0,140000000.0,877000000.0,150000000.0,724500000.0,655000000.0,5.14,0.4124,0.1841,0.1568,0.1171,0.0699,1387000000.0,1029700700.0,5.77,-0.62,5.1186,-0.62,5.79,724500100.0,-78000000.0,725000000.0,0.2479,0.0965,FMC
2022-06-30 00:00:00,5411000000.0,3078000000.0,2333000000.0,317000000.0,763400000.0,1034800800.0,127000000.0,181000000.0,131300000.0,885000000.0,123000000.0,761900000.0,692000000.0,5.41,0.4312,0.1912,0.1636,0.1279,0.0613,1409000000.0,1034800700.0,6.01,-0.57,5.4455,-0.57,6.02,761900100.0,-71500000.0,761000000.0,0.2604,0.0847,FMC
2022-03-31 00:00:00,5201000000.0,2958200000.0,2241800000.0,302900000.0,729600000.0,1087500800.0,124000000.0,59600000.0,128600000.0,939200000.0,101400000.0,837700000.0,760900000.0,5.93,0.431,0.2091,0.1806,0.1463,0.0748,1351100000.0,1087500700.0,6.53,-0.59,5.98,-0.59,6.55,837700100.0,-75300000.0,822200000.0,0.2598,0.0989,FMC
2021-12-31 00:00:00,5045600000.0,2884400000.0,2160200000.0,304900000.0,715600000.0,1044900600.0,127000000.0,-600000.0,131100000.0,893700000.0,91600000.0,802200000.0,736500000.0,5.71,0.4281,0.2071,0.1771,0.146,0.1427,1282400000.0,1044900500.0,6.23,-0.53,5.7163,-0.53,6.25,802200100.0,-68200000.0,779400000.0,0.2542,0.1625,FMC
2021-09-30 00:00:00,4783800000.0,2727200200.0,2056599800.0,304500000.0,702100000.0,911900000.0,125000000.0,-91000000.0,132400000.0,761200000.0,143200000.0,619900000.0,591600000.0,4.58,0.4299,0.1906,0.1591,0.1237,0.1154,1117300000.0,911900100.0,4.77,-0.19,4.6171,-0.19,4.78,619900000.0,-24000000.0,603700000.0,0.2336,0.1348,FMC
2021-06-30 00:00:00,4674400000.0,2662400200.0,2011999800.0,296200000.0,704800000.0,892199900.0,130000000.0,-161100000.0,134800000.0,731100000.0,152600000.0,578500000.0,545000000.0,4.22,0.4304,0.1909,0.1564,0.1166,0.1236,1060799900.0,892200000.0,4.44,-0.25,4.2161,-0.25,4.46,578500000.0,-32700000.0,545800000.0,0.2269,0.1433,FMC
2021-03-31 00:00:00,4587700000.0,2584800200.0,2002899900.0,294600000.0,714800000.0,871500000.0,140000000.0,-166600000.0,142900000.0,704900000.0,148400000.0,556500000.0,526500000.0,4.07,0.4366,0.19,0.1536,0.1148,0.13,1037700000.0,871500100.0,4.26,-0.22,4.0681,-0.22,4.28,556500000.0,-28900000.0,527600000.0,0.2262,0.1467,FMC
2020-12-31 00:00:00,4642100000.0,2590100200.0,2051999900.0,287900000.0,729700000.0,902200000.0,149000000.0,-172400000.0,151300000.0,729800000.0,150900000.0,578900000.0,550100000.0,4.25,0.442,0.1944,0.1572,0.1185,0.1251,1064900000.0,902200100.0,4.44,-0.22,4.2452,-0.22,4.46,578900000.0,-28300000.0,550600000.0,0.2294,0.1395,FMC
2020-09-30 00:00:00,4687200000.0,2580599900.0,2106600100.0,279700000.0,771900000.0,867399700.0,162000000.0,-178500000.0,161800000.0,688900000.0,118200000.0,570700000.0,497300000.0,3.85,0.4494,0.1851,0.147,0.1061,0.1299,1027099700.0,867399700.0,4.36,-0.53,3.8754,-0.53,4.4,570700000.0,-70200000.0,500500000.0,0.2191,0.1506,FMC
2020-06-30 00:00:00,4616900000.0,2544299900.0,2072600100.0,285400000.0,772500000.0,831299800.0,,-171800000.0,167900000.0,659500000.0,108500000.0,551000000.0,476300000.0,3.68,0.4489,0.1801,0.1428,0.1032,0.1112,986099800.0,831299800.0,4.22,-0.55,3.6987,-0.55,4.25,551000000.0,-73100000.0,477900000.0,0.2136,0.1344,FMC
2020-03-31 00:00:00,4667700000.0,2567299900.0,2100400000.0,294200000.0,798400000.0,831199700.0,,-171700000.0,166700000.0,659500000.0,109900000.0,549600000.0,466400000.0,3.58,0.45,0.1781,0.1413,0.0999,0.0687,983099700.0,831199700.0,4.19,-0.61,3.6174,-0.61,4.21,549600000.0,-80400000.0,469200000.0,0.2106,0.0937,FMC
2019-12-31 00:00:00,4609800000.0,2526199900.0,2083600000.0,298100000.0,792900000.0,821599700.0,,-166600000.0,160400000.0,655000000.0,111500000.0,543500000.0,475900000.0,3.62,0.452,0.1782,0.1421,0.1032,0.0856,971699700.0,821599700.0,4.1,-0.48,3.6724,-0.48,4.12,543500000.0,-63300000.0,480200000.0,0.2108,0.106,FMC
2019-09-30 00:00:00,4511900000.0,2492600000.0,2019299800.0,298500000.0,771700000.0,887000000.0,,-152700000.0,148400000.0,734500000.0,65000000.0,669500000.0,513000000.0,3.88,0.4475,0.1966,0.1628,0.1137,-0.0185,1036900000.0,886999900.0,5.02,-1.16,3.9427,-1.16,5.04,669500000.0,-151900000.0,517600000.0,0.2298,-0.0035,FMC
2019-06-30 00:00:00,4421200000.0,2439100000.0,1982099800.0,291200000.0,778000000.0,832200000.0,,-144500000.0,140200000.0,687900000.0,78300000.0,609600000.0,495400000.0,3.73,0.4483,0.1882,0.1556,0.1121,-0.0254,983300000.0,832199900.0,4.53,-0.82,3.811,-0.82,4.55,609600000.0,-106700000.0,502900000.0,0.2224,-0.0114,FMC
2019-03-31 00:00:00,4369500000.0,2447500000.0,1921999800.0,294000000.0,781400000.0,697700000.0,,-136300000.0,135100000.0,561600000.0,46600000.0,515000000.0,450600000.0,3.37,0.4399,0.1597,0.1285,0.1031,0.0248,850400000.0,697699900.0,3.79,-0.44,3.4494,-0.44,3.81,515000000.0,-55900000.0,459100000.0,0.1946,0.0388,FMC
2018-12-31 00:00:00,4285300000.0,2405500000.0,1879799800.0,287700000.0,790000000.0,740900000.0,,-132700000.0,134500000.0,608400000.0,70800000.0,537600000.0,502100000.0,3.72,0.4387,0.1729,0.142,0.1172,0.0666,891100000.0,740899900.0,3.91,-0.22,3.8056,-0.22,3.94,537600000.0,-26100000.0,511500000.0,0.2079,0.086,FMC
2018-09-30 00:00:00,3818100000.0,2194700100.0,1623399900.0,258900000.0,769800000.0,517400000.0,,-125000000.0,130400000.0,392400000.0,309200000.0,83200000.0,999800000.0,7.42,0.4252,0.1355,0.1028,0.2619,0.0999,655400000.0,517400000.0,0.53,6.87,7.4992,6.88,0.55,83200000.0,924800000.0,1008000000.0,0.1717,0.1126,FMC
2018-06-30 00:00:00,3540700000.0,2046600100.0,1494099900.0,219000000.0,729700000.0,486400000.0,,-107600000.0,115400000.0,378800000.0,275600000.0,103200000.0,982200000.0,7.29,0.422,0.1374,0.107,0.2774,0.0622,611700000.0,486400000.0,0.69,6.58,7.3598,6.59,0.71,103200000.0,885800000.0,989000000.0,0.1728,0.0759,FMC
2018-03-31 00:00:00,3043100000.0,1805000100.0,1238099900.0,175100000.0,659900000.0,418099900.0,,-86000000.0,98200000.0,332100000.0,280000000.0,52100000.0,927200000.0,6.89,0.4069,0.1374,0.1091,0.3047,0.0811,527099900.0,418099900.0,0.33,6.54,6.9375,6.55,0.35,52100000.0,879700000.0,931800000.0,0.1732,0.096,FMC
2017-12-31 00:00:00,2531200000.0,1579400100.0,951799900.0,138400000.0,581700000.0,158499900.0,,-62700000.0,80000000.0,95800000.0,228900000.0,-133100000.0,535800000.0,3.98,0.376,0.0626,0.0378,0.2117,0.1174,256299900.0,158499900.0,-1.01,5.0,4.0103,5.0,-1.01,-133100000.0,671500000.0,538400000.0,0.1013,0.1325,FMC
2017-09-30 00:00:00,2587399800.0,1605700000.0,981699800.0,126900000.0,513800000.0,256399700.0,,-78600000.0,68400000.0,177800000.0,3800000.0,174000000.0,21600000.0,0.16,0.3794,0.0991,0.0687,0.0083,0.1459,352999700.0,256399700.0,1.28,-1.11,0.1749,-1.12,1.28,174000000.0,-150300000.0,23700000.0,0.1364,0.1659,FMC
2017-06-30 00:00:00,2569999800.0,1639600000.0,930399800.0,127300000.0,459200000.0,252299700.0,,-78800000.0,65400000.0,173500000.0,21900000.0,151600000.0,46100000.0,0.34,0.362,0.0982,0.0675,0.0179,0.1803,349399700.0,252299700.0,1.12,-0.77,0.3537,-0.78,1.12,151600000.0,-104100000.0,47500000.0,0.136,0.2075,FMC
2017-03-31 00:00:00,2528499800.0,1597100000.0,931399800.0,128500000.0,439300000.0,269799800.0,,-81000000.0,63400000.0,188800000.0,39100000.0,149700000.0,36600000.0,0.27,0.3684,0.1067,0.0747,0.0145,0.1189,369099800.0,269799800.0,1.1,-0.82,0.2931,-0.83,1.1,149700000.0,-110500000.0,39200000.0,0.146,0.1435,FMC
2016-12-31 00:00:00,2538899800.0,1607700000.0,931199800.0,134500000.0,435100000.0,266599800.0,,-85800000.0,63500000.0,180800000.0,50100000.0,130700000.0,209100000.0,1.56,0.3668,0.105,0.0712,0.0824,0.1609,367199800.0,266599800.0,0.96,0.6,1.5812,0.6,0.96,130700000.0,81000000.0,211700000.0,0.1446,0.1961,FMC
2016-09-30 00:00:00,1964300000.0,1274700000.0,689600100.0,131100000.0,390400000.0,63300000.0,,-48000000.0,49700000.0,15300000.0,109000000.0,-93700000.0,-10900000.0,-0.09,0.3511,0.0322,0.0078,-0.0055,0.1536,123100000.0,63300000.0,-0.72,0.67,-0.0567,0.65,-0.72,-93700000.0,86300000.0,-7400000.0,0.0627,0.1733,FMC
2016-06-30 00:00:00,2166200000.0,1470900000.0,695300100.0,137700000.0,427500000.0,-6200000.0,,-53200000.0,54500000.0,-59400000.0,77400000.0,-136800000.0,-93000000.0,-0.7,0.321,-0.0029,-0.0274,-0.0429,0.0054,66000000.0,-6200000.0,-1.06,0.4,-0.6478,0.38,-1.06,-136800000.0,50200000.0,-86600000.0,0.0305,0.018,FMC
2016-03-31 00:00:00,2438000000.0,1672300000.0,765700100.0,143500000.0,472900000.0,11800000.0,,-62600000.0,64000000.0,-50800000.0,74700000.0,-125500000.0,584100000.0,4.35,0.3141,0.0048,-0.0208,0.2396,-0.0044,90700000.0,11800000.0,-1.0,5.37,4.4332,5.37,-1.0,-125500000.0,718200000.0,592700000.0,0.0372,0.016,FMC
2015-12-31 00:00:00,2491000000.0,1690600000.0,800400100.0,135900000.0,660700000.0,-146500000.0,,-60900000.0,62200000.0,-207400000.0,5200000.0,-212600000.0,489000000.0,3.64,0.3213,-0.0588,-0.0833,0.1963,-0.1644,-69700000.0,-146500000.0,-1.66,5.32,3.7286,5.32,-1.66,-212600000.0,711100000.0,498500000.0,-0.028,-0.1438,FMC
2015-09-30 00:00:00,3469400000.0,2327400000.0,1142000000.0,141200000.0,820300000.0,90799900.0,,-75000000.0,74700000.0,15800000.0,-71100000.0,86900000.0,769600000.0,5.74,0.3292,0.0262,0.0046,0.2218,-0.076,205599900.0,90799900.0,0.57,5.15,5.8302,5.17,0.57,86900000.0,692600000.0,779500000.0,0.0593,-0.0399,FMC
2015-06-30 00:00:00,3457800000.0,2252600000.0,1205200000.0,134200000.0,824000000.0,196099900.0,,-103300000.0,67300000.0,92800000.0,-42400000.0,135200000.0,828100000.0,6.18,0.3485,0.0567,0.0268,0.2395,-0.0167,295899900.0,196099900.0,0.94,5.22,6.2777,5.24,0.94,135200000.0,704000000.0,839200000.0,0.0856,0.025,FMC
2015-03-31 00:00:00,3365600000.0,2150100000.0,1215500000.0,127700000.0,787600000.0,245800000.0,,-94500000.0,55800000.0,151300000.0,-23800000.0,175100000.0,194900000.0,1.46,0.3612,0.073,0.045,0.0579,0.0053,338200000.0,245800000.0,1.25,0.2,1.5461,0.2,1.26,175100000.0,31100000.0,206200000.0,0.1005,0.0515,FMC
2014-12-31 00:00:00,3463100000.0,2205300000.0,1257800000.0,126900000.0,604300000.0,491500000.0,,-98400000.0,53400000.0,393100000.0,59900000.0,333200000.0,307100000.0,2.3,0.3632,0.1419,0.1135,0.0887,0.0554,585000000.0,491500000.0,2.42,-0.13,2.4155,-0.13,2.43,333200000.0,-11100000.0,322100000.0,0.1689,0.1079,FMC
2014-09-30 00:00:00,3501600000.0,2254100000.0,1247500000.0,121500000.0,516600000.0,585200100.0,,-93500000.0,48400000.0,491700000.0,110100000.0,381600000.0,257700000.0,1.93,0.3563,0.1671,0.1404,0.0736,0.0094,652400100.0,585200100.0,2.75,-0.83,2.0683,-0.84,2.77,381600000.0,-105900000.0,275700000.0,0.1863,0.0517,FMC
2014-06-30 00:00:00,3639900000.0,2371500000.0,1268400000.0,120300000.0,500800000.0,629900100.0,,-87000000.0,45400000.0,542900000.0,138500000.0,404400000.0,219300000.0,1.64,0.3485,0.1731,0.1492,0.0602,0.0081,708300100.0,629900100.0,2.91,-1.28,1.7661,-1.29,2.93,404400000.0,-168900000.0,235500000.0,0.1946,0.0577,FMC
2014-03-31 00:00:00,3721000000.0,2441200000.0,1279800000.0,115500000.0,508500000.0,652200000.0,,-88300000.0,43300000.0,563900000.0,137800000.0,426100000.0,228200000.0,1.69,0.3439,0.1753,0.1515,0.0613,0.0236,735500000.0,652200000.0,3.05,-1.37,1.8054,-1.38,3.06,426100000.0,-182700000.0,243400000.0,0.1977,0.0743,FMC
2013-12-31 00:00:00,3874800000.0,2534400000.0,1340400000.0,117700000.0,515800000.0,706300000.0,,-90400000.0,42200000.0,615900000.0,148600000.0,467300000.0,293200000.0,2.15,0.3459,0.1823,0.159,0.0757,0.0428,794300000.0,706300000.0,3.31,-1.18,2.261,-1.19,3.33,467300000.0,-159300000.0,308000000.0,0.205,0.0848,FMC
2013-09-30 00:00:00,3486200000.0,2215500000.0,1270700000.0,111700000.0,487700000.0,671300000.0,,-102300000.0,39600000.0,569000000.0,127600000.0,441400000.0,367800000.0,2.69,0.3645,0.1926,0.1632,0.1055,0.0437,794300000.0,671299900.0,3.11,-0.44,2.7928,-0.44,3.12,441400000.0,-59100000.0,382300000.0,0.2278,0.1079,FMC
2013-06-30 00:00:00,3350700000.0,2086400000.0,1264300000.0,110800000.0,481500000.0,672000000.0,,-75800000.0,39600000.0,596200000.0,125500000.0,470700000.0,439700000.0,3.22,0.3773,0.2006,0.1779,0.1312,0.0505,778700000.0,671999900.0,3.29,-0.1,3.3331,-0.1,3.3,470700000.0,-13700000.0,457000000.0,0.2324,0.1032,FMC
2013-03-31 00:00:00,3379900000.0,2105300000.0,1274600000.0,111500000.0,482500000.0,680600000.0,,-76100000.0,40000000.0,604500000.0,135100000.0,469400000.0,426100000.0,3.12,0.3771,0.2014,0.1789,0.1261,0.0383,792900000.0,680599900.0,3.26,-0.17,3.2478,-0.17,3.27,469400000.0,-23300000.0,446100000.0,0.2346,0.0896,FMC
2012-12-31 00:00:00,3409900000.0,2141600000.0,1268300000.0,112000000.0,489700000.0,666600000.0,,-68900000.0,40800000.0,597700000.0,134500000.0,463200000.0,414200000.0,3.03,0.3719,0.1955,0.1753,0.1215,0.0543,782500000.0,666599900.0,3.2,-0.2,3.1641,-0.2,3.21,463200000.0,-27500000.0,435700000.0,0.2295,0.1055,FMC
