Date,Revenue,Cost of Revenue,Gross Profit,R&D Expenses,SG&A Expenses,Operating Income,Interest Expense (Operating),Non-operating Income/Expense,Non-operating Interest Expenses,EBT,Income Tax Provision,Income after Tax,Net Income Common,EPS (Basic),Gross Margin,EBIT Margin,EBT margin,Net Profit Margin,Free Cash Flow Margin,EBITDA,EBIT,"EPS (Diluted, from Cont. Ops)","EPS (Diluted, from Disc. Ops)","EPS (Basic, Consolidated)","EPS (Basic, from Discontinued Ops)","EPS (Basic, from Continuous Ops)",Income from Continuous Operations,Income from Discontinued Operations,Consolidated Net Income/Loss,EBITDA Margin,Operating Cash Flow Margin,Ticker
2022-09-30 00:00:00,5671000000.0,2407000000.0,3265000000.0,393000000.0,1956200000.0,898100200.0,91000000.0,-6000000.0,91400000.0,793000000.0,97000000.0,695900000.0,693000000.0,1.91,0.5757,0.1584,0.1398,0.1222,0.1839,1369000000.0,898100100.0,1.93,-0.0156,1.9387,-0.0156,1.94,695900000.0,-4300000.0,696000000.0,0.2414,0.1964,FTV
2022-06-30 00:00:00,5515000000.0,2351000000.0,3164000000.0,380000000.0,1920900000.0,848500200.0,90000000.0,-1000000.0,90100000.0,749000000.0,92000000.0,658600000.0,654000000.0,1.8,0.5737,0.1539,0.1358,0.1186,0.1778,1301000000.0,848500100.0,1.82,-0.0156,1.8285,-0.0156,1.83,658600000.0,,657000000.0,0.2359,0.1897,FTV
2022-03-31 00:00:00,5371700000.0,2285200000.0,3085499900.0,367800000.0,1892400000.0,827499900.0,94000000.0,-17800000.0,94300000.0,748500000.0,82500000.0,667600000.0,644700000.0,1.8,0.5744,0.154,0.1393,0.12,0.1815,1242999900.0,827499800.0,1.82,,1.8774,,1.84,667600000.0,,664900000.0,0.2314,0.192,FTV
2021-12-31 00:00:00,5253900000.0,2247500000.0,3005399900.0,355000000.0,1839900000.0,812799900.0,103000000.0,-93700000.0,103200000.0,676200000.0,63500000.0,614200000.0,572600000.0,1.62,0.572,0.1547,0.1287,0.109,0.1743,1207599900.0,812799800.0,1.65,-0.02,1.7434,-0.02,1.66,614200000.0,-5800000.0,610100000.0,0.2298,0.1829,FTV
2021-09-30 00:00:00,5203800000.0,2229300000.0,2973499900.0,345400000.0,1835300000.0,795099900.0,115000000.0,995500000.0,114800000.0,1764300000.0,68000000.0,1697900000.0,1606000000.0,4.72,0.5714,0.1528,0.339,0.3086,0.179,1176499900.0,795099900.0,4.65,-0.1044,4.8794,-0.1144,4.84,1697900000.0,-38900000.0,1657700000.0,0.2261,0.1866,FTV
2021-06-30 00:00:00,5063600000.0,2182500000.0,2881099900.0,336600000.0,1814100000.0,730399900.0,134000000.0,959200000.0,126600000.0,1689600000.0,58300000.0,1631300000.0,1663500000.0,4.92,0.569,0.1442,0.3337,0.3285,0.2269,1109199900.0,730399900.0,4.43,0.3056,5.1238,0.2956,4.62,1631300000.0,101200000.0,1732500000.0,0.2191,0.2351,FTV
2021-03-31 00:00:00,4785500000.0,2077100000.0,2708400000.0,326200000.0,1760500000.0,621700000.0,152000000.0,932400000.0,137600000.0,1554100000.0,45000000.0,1509100000.0,1612600000.0,4.77,0.566,0.1299,0.3248,0.337,0.2796,1004300000.0,621700000.0,4.08,0.5156,4.9762,0.5056,4.26,1509100000.0,172500000.0,1681600000.0,0.2099,0.2906,FTV
2020-12-31 00:00:00,4634400000.0,2025900000.0,2608500000.0,320800000.0,1748200000.0,539500000.0,168000000.0,968200000.0,148500000.0,1507700000.0,55500000.0,1452200000.0,1544300000.0,4.57,0.5629,0.1164,0.3253,0.3332,0.2948,923500000.0,539500000.0,3.91,0.48,4.7751,0.47,4.09,1452200000.0,161100000.0,1613300000.0,0.1993,0.31,FTV
2020-09-30 00:00:00,4572800000.0,2019300000.0,2553500000.0,314200000.0,1743800000.0,495500000.0,179000000.0,-158800000.0,153600000.0,336700000.0,61400000.0,275300000.0,521500000.0,1.54,0.5584,0.1084,0.0736,0.114,0.3441,820900000.0,495500000.0,0.61,0.93,1.7517,0.93,0.61,275300000.0,315200000.0,590500000.0,0.1795,0.3559,FTV
2020-06-30 00:00:00,5273000000.0,2443400000.0,2829600000.0,354100000.0,1875500000.0,600000000.0,,-127500000.0,163700000.0,472500000.0,75900000.0,396600000.0,502800000.0,1.48,0.5366,0.1138,0.0896,0.0954,0.276,947100000.0,600000000.0,0.97,0.52,1.6991,0.52,0.98,396600000.0,175200000.0,571800000.0,0.1796,0.2895,FTV
2020-03-31 00:00:00,6096100000.0,2945300000.0,3150799900.0,394100000.0,2009800000.0,746900000.0,,-142100000.0,171900000.0,604800000.0,92700000.0,512100000.0,547400000.0,1.62,0.5169,0.1225,0.0992,0.0898,0.2017,1104900000.0,746900000.0,1.31,0.31,1.834,0.31,1.32,512100000.0,104300000.0,616400000.0,0.1812,0.2143,FTV
2019-12-31 00:00:00,6580900000.0,3229400000.0,3351499900.0,422300000.0,2080400000.0,848800000.0,,-123900000.0,158600000.0,724900000.0,103600000.0,621300000.0,669900000.0,1.99,0.5093,0.129,0.1102,0.1018,0.1819,1190300000.0,848800000.0,1.63,0.35,2.2002,0.35,1.65,621300000.0,117600000.0,738900000.0,0.1809,0.1932,FTV
2019-09-30 00:00:00,7075100000.0,3532400000.0,3542699900.0,454300000.0,2085000000.0,1003400000.0,,-104200000.0,143400000.0,899200000.0,112500000.0,786700000.0,2589300000.0,7.73,0.5007,0.1418,0.1271,0.366,0.1651,1314800000.0,1003400000.0,2.12,5.52,7.94,5.6,2.15,786700000.0,1871700000.0,2658400000.0,0.1858,0.1754,FTV
2019-06-30 00:00:00,6816300000.0,3375400000.0,3440899800.0,438900000.0,1959100000.0,1042899900.0,,-121100000.0,119500000.0,921800000.0,128400000.0,793400000.0,2627400000.0,7.82,0.5048,0.153,0.1352,0.3855,0.1725,1299899800.0,1042899900.0,2.11,5.61,8.0249,5.69,2.14,793400000.0,1903200000.0,2696600000.0,0.1907,0.1829,FTV
2019-03-31 00:00:00,6553400000.0,3185700000.0,3367699900.0,423400000.0,1826500000.0,1117799900.0,,-100900000.0,99000000.0,1016900000.0,148600000.0,868300000.0,2764800000.0,8.19,0.5139,0.1706,0.1552,0.4219,0.1925,1318599800.0,1117799900.0,2.34,5.74,8.3494,5.82,2.39,868300000.0,1948700000.0,2817000000.0,0.2012,0.2029,FTV
2018-12-31 00:00:00,6452700000.0,3131400000.0,3321299900.0,414300000.0,1728600000.0,1178399800.0,,-100000000.0,97000000.0,1078400000.0,160100000.0,918300000.0,2878900000.0,8.5,0.5147,0.1826,0.1671,0.4462,0.1975,1353199700.0,1178399800.0,2.52,5.87,8.6081,5.96,2.56,918300000.0,1995500000.0,2913800000.0,0.2097,0.2083,FTV
2018-09-30 00:00:00,5602000000.0,2646099800.0,2955900100.0,377500000.0,1552899900.0,1025499900.0,,-87100000.0,90800000.0,938400000.0,83500000.0,854900000.0,1120800000.0,3.21,0.5277,0.1831,0.1675,0.2001,0.2293,1244899800.0,1025499900.0,2.3613,,3.2637,,2.3928,854900000.0,123300000.0,1138400000.0,0.2222,0.2433,FTV
2018-06-30 00:00:00,5686100000.0,2716699800.0,2969400200.0,375800000.0,1492999900.0,1100600000.0,,-71600000.0,90600000.0,1029000000.0,120300000.0,908700000.0,1160700000.0,3.33,0.5222,0.1936,0.181,0.2041,0.2134,1297499900.0,1100600000.0,2.5702,,3.3328,,2.603,908700000.0,,1160900000.0,0.2282,0.2278,FTV
2018-03-31 00:00:00,5713100000.0,2769399800.0,2943700200.0,373000000.0,1445399900.0,1125300100.0,,-70100000.0,89400000.0,1055200000.0,156600000.0,898600000.0,1106000000.0,3.18,0.5153,0.197,0.1847,0.1936,0.1944,1305100000.0,1125300100.0,2.5519,,3.1795,,2.5745,898600000.0,,1106000000.0,0.2284,0.2099,FTV
2017-12-31 00:00:00,5756100000.0,2834699800.0,2921400100.0,369300000.0,1409099900.0,1143000100.0,,-69400000.0,88700000.0,1073600000.0,189300000.0,884300000.0,1044500000.0,3.01,0.5075,0.1986,0.1865,0.1815,0.1888,1303600000.0,1143000100.0,2.51,,3.0057,,2.54,884300000.0,,1044500000.0,0.2265,0.2044,FTV
2017-09-30 00:00:00,5630300200.0,2792500000.0,2837800200.0,362700000.0,1320300100.0,1154800100.0,,-80300000.0,88500000.0,1074500000.0,274500000.0,800000100.0,932100000.0,2.69,0.504,0.2051,0.1908,0.1656,0.1655,1296800100.0,1154800100.0,2.2696,,2.6854,,2.3021,800000100.0,,932100000.0,0.2303,0.183,FTV
2017-06-30 00:00:00,5512400200.0,2741100000.0,2771300200.0,355900000.0,1294100100.0,1121300200.0,,-95300000.0,89000000.0,1026000000.0,266900000.0,759100100.0,891200000.0,2.58,0.5027,0.2034,0.1861,0.1617,0.1719,1272000200.0,1121300200.0,2.1605,,2.571,,2.1877,759100100.0,,891200000.0,0.2308,0.1892,FTV
2017-03-31 00:00:00,5438700200.0,2704400000.0,2734300200.0,353500000.0,1286500100.0,1094300100.0,,-74500000.0,69000000.0,1019800000.0,261900000.0,757900100.0,890000000.0,2.58,0.5027,0.2012,0.1875,0.1636,0.1854,1252800100.0,1094300100.0,2.1709,,2.5716,,2.1883,757900100.0,,890000000.0,0.2303,0.2037,FTV
2016-12-31 00:00:00,5378200200.0,2692700000.0,2685500300.0,351000000.0,1272800100.0,1061700200.0,,,46400000.0,1010500000.0,270300000.0,740200100.0,872300000.0,2.68,0.4993,0.1974,0.1879,0.1622,0.1926,1227400200.0,1061700200.0,2.13,,2.5233,,2.14,740200100.0,,872300000.0,0.2282,0.2114,FTV
2016-09-30 00:00:00,6173000000.0,3179500000.0,2993500000.0,376600000.0,1370500000.0,1246400200.0,,,26100000.0,1220300000.0,336400000.0,883900000.0,883900000.0,2.6,0.4849,0.2019,0.1977,0.1432,0.1756,1428500100.0,1246400200.0,2.5531,,2.5591,,2.5591,883900000.0,,883900000.0,0.2314,0.1956,FTV
2016-06-30 00:00:00,6130200000.0,3162400000.0,2967800000.0,377100000.0,1365700000.0,1225000000.0,,,2700000.0,1222300000.0,368700000.0,853600000.0,853600000.0,2.6,0.4841,0.1998,0.1994,0.1392,0.1603,1414100000.0,1225000000.0,2.4728,,2.4728,,2.4728,853600000.0,,853600000.0,0.2307,0.1814,FTV
2016-03-31 00:00:00,6140000000.0,3175500000.0,2964500000.0,376300000.0,1349600000.0,1238600100.0,,,,1238600000.0,396500000.0,842100000.0,842100000.0,,0.4828,0.2017,0.2017,0.1371,0.1575,1427700100.0,1238600100.0,2.4394,,2.4394,,2.4394,842100000.0,,842100000.0,0.2325,0.1778,FTV
2015-12-31 00:00:00,6178800000.0,3178800000.0,3000000000.0,377700000.0,1352600000.0,1269700200.0,,,,1269700000.0,405900000.0,863800000.0,863800000.0,,0.4855,0.2055,0.2055,0.1398,0.1439,1458600200.0,1269700200.0,,,,,,863800000.0,,863800000.0,0.2361,0.1633,FTV
2015-09-30 00:00:00,,,,,,,,,,,,,,,,,,,0.0,,,,,,,,,,,,0.0,FTV
2015-06-30 00:00:00,,,,,,,,,,,,,,,,,,,0.0,,,,,,,,,,,,0.0,FTV
2015-03-31 00:00:00,,,,,,,,,,,,,,,,,,,0.0,,,,,,,,,,,,0.0,FTV
