Date,Revenue,Cost of Revenue,Gross Profit,SG&A Expenses,Operating Income,Interest Expense (Operating),Non-operating Income/Expense,Non-operating Interest Expenses,EBT,Income Tax Provision,Income after Tax,Net Income Common,EPS (Basic),Gross Margin,EBIT Margin,EBT margin,Net Profit Margin,Free Cash Flow Margin,EBITDA,EBIT,"EPS (Diluted, from Cont. Ops)","EPS (Diluted, from Disc. Ops)","EPS (Basic, Consolidated)","EPS (Basic, from Discontinued Ops)","EPS (Basic, from Continuous Ops)",Income from Continuous Operations,Income from Discontinued Operations,Consolidated Net Income/Loss,EBITDA Margin,Operating Cash Flow Margin,Ticker
2022-09-30 00:00:00,38848000000.0,32291000000.0,6557000000.0,2387000000.0,4170000000.0,372000000.0,159000000.0,372000000.0,3957000000.0,607000000.0,3350000000.0,3350000000.0,12.01,0.1688,0.1073,0.1019,0.0862,0.1181,5054000000.0,4170000000.0,12.0054,,12.1107,,12.1107,3350000000.0,,3350000000.0,0.1301,0.1439,GD
2022-06-30 00:00:00,38441000000.0,31919000000.0,6522000000.0,2370000000.0,4152000000.0,385000000.0,152000000.0,385000000.0,3919000000.0,611000000.0,3308000000.0,3308000000.0,11.82,0.1697,0.108,0.1019,0.0861,0.1258,5028000000.0,4152000000.0,11.8088,,11.9046,,11.9046,3308000000.0,,3308000000.0,0.1308,0.1504,GD
2022-03-31 00:00:00,38472000000.0,32027000000.0,6445000000.0,2312000000.0,4133000000.0,399000000.0,34000000.0,399000000.0,3877000000.0,598000000.0,3279000000.0,3279000000.0,11.7,0.1675,0.1074,0.1008,0.0852,0.1389,5021000000.0,4133000000.0,11.6742,,11.7571,,11.7571,3279000000.0,,3279000000.0,0.1305,0.1621,GD
2021-12-31 00:00:00,38469000000.0,32061000000.0,6408000000.0,2245000000.0,4163000000.0,424000000.0,-98000000.0,424000000.0,3873000000.0,616000000.0,3257000000.0,3257000000.0,11.58,0.1666,0.1082,0.1007,0.0847,0.088,5053000000.0,4163000000.0,11.549,,11.6145,,11.6145,3257000000.0,,3257000000.0,0.1314,0.111,GD
2021-09-30 00:00:00,38658000000.0,32142000000.0,6516000000.0,2246000000.0,4270000000.0,451000000.0,-245000000.0,451000000.0,3926000000.0,619000000.0,3307000000.0,3307000000.0,11.69,0.1686,0.1105,0.1016,0.0855,0.1113,5155000000.0,4270000000.0,11.6441,,11.7017,,11.7017,3307000000.0,,3307000000.0,0.1333,0.1332,GD
2021-06-30 00:00:00,38521000000.0,32051000000.0,6470000000.0,2208000000.0,4262000000.0,470000000.0,-373000000.0,470000000.0,3889000000.0,608000000.0,3281000000.0,3281000000.0,11.53,0.168,0.1106,0.101,0.0852,0.1021,5148000000.0,4262000000.0,11.4807,,11.5263,,11.5263,3281000000.0,,3281000000.0,0.1336,0.1246,GD
2021-03-31 00:00:00,38565000000.0,32202000000.0,6363000000.0,2226000000.0,4137000000.0,493000000.0,-402000000.0,493000000.0,3735000000.0,566000000.0,3169000000.0,3169000000.0,11.08,0.165,0.1073,0.0968,0.0822,0.0936,5018000000.0,4137000000.0,11.0474,,11.0835,,11.0835,3169000000.0,,3169000000.0,0.1301,0.1174,GD
2020-12-31 00:00:00,37925000000.0,31600000000.0,6325000000.0,2192000000.0,4133000000.0,477000000.0,-395000000.0,477000000.0,3738000000.0,571000000.0,3167000000.0,3167000000.0,11.04,0.1668,0.109,0.0986,0.0835,0.0762,5011000000.0,4133000000.0,10.9999,,11.038,,11.038,3167000000.0,,3167000000.0,0.1321,0.1017,GD
2020-09-30 00:00:00,38217000000.0,31881000000.0,6336000000.0,2246000000.0,4090000000.0,467000000.0,-323000000.0,467000000.0,3767000000.0,582000000.0,3185000000.0,3185000000.0,11.07,0.1658,0.107,0.0986,0.0833,0.0703,4937000000.0,4090000000.0,11.0248,,11.0745,,11.0745,3185000000.0,,3185000000.0,0.1292,0.0966,GD
2020-06-30 00:00:00,38547000000.0,32007000000.0,6540000000.0,2306000000.0,4234000000.0,,-355000000.0,463000000.0,3879000000.0,615000000.0,3264000000.0,3264000000.0,11.33,0.1697,0.1098,0.1006,0.0847,0.0683,5079000000.0,4234000000.0,11.2598,,11.329,,11.329,3264000000.0,,3264000000.0,0.1318,0.095,GD
2020-03-31 00:00:00,38838000000.0,32020000000.0,6818000000.0,2328000000.0,4490000000.0,,-355000000.0,450000000.0,4135000000.0,690000000.0,3445000000.0,3445000000.0,11.95,0.1755,0.1156,0.1065,0.0887,0.0546,5326000000.0,4490000000.0,11.8531,,11.9442,,11.9442,3445000000.0,,3445000000.0,0.1371,0.0801,GD
2019-12-31 00:00:00,39350000000.0,32363000000.0,6987000000.0,2417000000.0,4570000000.0,,-368000000.0,460000000.0,4202000000.0,718000000.0,3484000000.0,3484000000.0,12.09,0.1776,0.1161,0.1068,0.0885,0.0507,5399000000.0,4570000000.0,11.9792,,12.0852,,12.0852,3484000000.0,,3484000000.0,0.1372,0.0758,GD
2019-09-30 00:00:00,38955000000.0,32128000000.0,6827000000.0,2344000000.0,4483000000.0,,-363000000.0,462000000.0,4120000000.0,747000000.0,3373000000.0,3373000000.0,11.66,0.1753,0.1151,0.1058,0.0866,0.0463,5329000000.0,4483000000.0,11.5288,,11.649,,11.6515,3373000000.0,,3373000000.0,0.1368,0.0681,GD
2019-06-30 00:00:00,38288000000.0,31562000000.0,6726000000.0,2324000000.0,4402000000.0,,-349000000.0,462000000.0,4053000000.0,729000000.0,3324000000.0,3311000000.0,11.37,0.1757,0.115,0.1059,0.0865,0.0413,5253000000.0,4402000000.0,11.2802,,11.3644,,11.4055,3324000000.0,,3311000000.0,0.1372,0.0615,GD
2019-03-31 00:00:00,37919000000.0,31179000000.0,6740000000.0,2340000000.0,4400000000.0,,-360000000.0,446000000.0,4040000000.0,736000000.0,3304000000.0,3291000000.0,11.22,0.1777,0.116,0.1065,0.0868,0.0549,5259000000.0,4400000000.0,11.1275,,11.2208,,11.2619,3304000000.0,,3291000000.0,0.1387,0.0751,GD
2018-12-31 00:00:00,36193000000.0,29536000000.0,6657000000.0,2263000000.0,4394000000.0,,-309000000.0,356000000.0,4085000000.0,727000000.0,3358000000.0,3345000000.0,11.33,0.1839,0.1214,0.1129,0.0924,0.0679,5157000000.0,4394000000.0,11.22,,11.3289,,11.37,3358000000.0,,3345000000.0,0.1425,0.087,GD
2018-09-30 00:00:00,34092000000.0,27563000000.0,6529000000.0,2238000000.0,4291000000.0,,-330000000.0,271000000.0,3961000000.0,876000000.0,3085000000.0,3072000000.0,10.37,0.1915,0.1259,0.1162,0.0901,0.0725,4948000000.0,4291000000.0,10.2664,-0.39,10.3753,-0.39,10.4129,3085000000.0,-120000000.0,3072000000.0,0.1451,0.0902,GD
2018-06-30 00:00:00,32578000000.0,26170000000.0,6408000000.0,2189000000.0,4219000000.0,,-254000000.0,184000000.0,3965000000.0,980000000.0,2985000000.0,2985000000.0,10.05,0.1967,0.1295,0.1217,0.0916,0.0799,4767000000.0,4219000000.0,9.8964,,10.0564,,10.0529,2985000000.0,,2985000000.0,0.1463,0.0969,GD
2018-03-31 00:00:00,31067000000.0,24798000000.0,6269000000.0,2071000000.0,4198000000.0,,-171000000.0,105000000.0,4027000000.0,1079000000.0,2948000000.0,2948000000.0,9.9,0.2018,0.1351,0.1296,0.0949,0.0765,4637000000.0,4198000000.0,9.7305,,9.9008,,9.8973,2948000000.0,,2948000000.0,0.1493,0.0916,GD
2017-12-31 00:00:00,30973000000.0,24731000000.0,6242000000.0,2006000000.0,4236000000.0,,-159000000.0,103000000.0,4077000000.0,1165000000.0,2912000000.0,2912000000.0,9.73,0.2015,0.1368,0.1316,0.094,0.1113,4677000000.0,4236000000.0,9.56,,9.7335,,9.73,2912000000.0,,2912000000.0,0.151,0.1251,GD
2017-09-30 00:00:00,30350000000.0,24423000000.0,5927000000.0,1973000000.0,3954000000.0,,-140000000.0,99000000.0,3814000000.0,958000000.0,2856000000.0,2846000000.0,10.22,0.1953,0.1303,0.1257,0.0938,0.0742,4393000000.0,3954000000.0,9.3543,,9.4748,,9.5117,2856000000.0,,2846000000.0,0.1447,0.0881,GD
2017-06-30 00:00:00,30427000000.0,24580000000.0,5847000000.0,1941000000.0,3906000000.0,,-125000000.0,95000000.0,3781000000.0,958000000.0,2823000000.0,2729000000.0,9.91,0.1922,0.1284,0.1243,0.0897,0.0621,4348000000.0,3906000000.0,9.1943,,9.041,,9.3517,2823000000.0,,2729000000.0,0.1429,0.0756,GD
2017-03-31 00:00:00,30526000000.0,24728000000.0,5798000000.0,1932000000.0,3866000000.0,,-112000000.0,94000000.0,3754000000.0,966000000.0,2788000000.0,2694000000.0,9.9,0.1899,0.1266,0.123,0.0883,0.0599,4314000000.0,3866000000.0,9.0431,,8.8877,,9.1984,2788000000.0,,2694000000.0,0.1413,0.0726,GD
2016-12-31 00:00:00,30561000000.0,24896000000.0,5665000000.0,1921000000.0,3744000000.0,,-88000000.0,91000000.0,3656000000.0,977000000.0,2679000000.0,2572000000.0,9.7,0.1854,0.1225,0.1196,0.0842,0.0579,4197000000.0,3744000000.0,8.64,-0.4671,8.441,-0.4571,8.79,2679000000.0,-143000000.0,2572000000.0,0.1373,0.0708,GD
2016-09-30 00:00:00,31028000000.0,25001000000.0,6027000000.0,1908000000.0,4119000000.0,,-72000000.0,87000000.0,4047000000.0,1113000000.0,2934000000.0,2837000000.0,9.51,0.1942,0.1328,0.1304,0.0914,0.0405,4580000000.0,4119000000.0,9.3427,-0.4171,9.2087,-0.4071,9.5194,2934000000.0,-131000000.0,2837000000.0,0.1476,0.0551,GD
2016-06-30 00:00:00,31365000000.0,25314000000.0,6051000000.0,1913000000.0,4138000000.0,,-72000000.0,87000000.0,4066000000.0,1130000000.0,2936000000.0,2923000000.0,9.57,0.1929,0.1319,0.1296,0.0932,0.0489,4607000000.0,4138000000.0,9.2627,,9.3946,,9.4294,2936000000.0,,2923000000.0,0.1469,0.0653,GD
2016-03-31 00:00:00,31473000000.0,25386000000.0,6087000000.0,1895000000.0,4192000000.0,,-70000000.0,84000000.0,4122000000.0,1148000000.0,2974000000.0,2961000000.0,9.39,0.1934,0.1332,0.131,0.0941,0.0574,4665000000.0,4192000000.0,9.23,-0.4471,9.3552,-0.4471,9.39,2974000000.0,-152000000.0,2961000000.0,0.1482,0.0744,GD
2015-12-31 00:00:00,31781000000.0,25549000000.0,6232000000.0,1937000000.0,4295000000.0,,-76000000.0,83000000.0,4219000000.0,1183000000.0,3036000000.0,3036000000.0,9.24,0.1961,0.1351,0.1328,0.0955,0.0641,4776000000.0,4295000000.0,9.29,,9.4488,,9.45,3036000000.0,,3036000000.0,0.1503,0.082,GD
2015-09-30 00:00:00,32022000000.0,25838000000.0,6184000000.0,1975000000.0,4209000000.0,,-81000000.0,83000000.0,4128000000.0,1190000000.0,2938000000.0,2902000000.0,8.92,0.1931,0.1314,0.1289,0.0906,0.0548,4689000000.0,4209000000.0,8.879,,8.9095,,9.0157,2938000000.0,,2902000000.0,0.1464,0.0718,GD
2015-06-30 00:00:00,31779000000.0,25628000000.0,6151000000.0,1977000000.0,4174000000.0,,-80000000.0,81000000.0,4094000000.0,1195000000.0,2899000000.0,2865000000.0,8.71,0.1936,0.1313,0.1288,0.0902,0.1076,4661000000.0,4174000000.0,8.649,,8.6925,,8.7957,2899000000.0,,2865000000.0,0.1467,0.1248,GD
2015-03-31 00:00:00,31371000000.0,25333000000.0,6038000000.0,1996000000.0,4042000000.0,,-84000000.0,85000000.0,3958000000.0,1165000000.0,2793000000.0,2654000000.0,8.01,0.1925,0.1288,0.1262,0.0846,0.1154,4537000000.0,4042000000.0,8.26,,7.9936,,8.41,2793000000.0,,2654000000.0,0.1446,0.1323,GD
2014-12-31 00:00:00,30852000000.0,24979000000.0,5873000000.0,1984000000.0,3889000000.0,,-87000000.0,86000000.0,3802000000.0,1129000000.0,2673000000.0,2533000000.0,7.57,0.1904,0.1261,0.1232,0.0821,0.1072,4385000000.0,3889000000.0,7.83,-0.41,7.5569,-0.41,7.97,2673000000.0,-140000000.0,2533000000.0,0.1421,0.1241,GD
2014-09-30 00:00:00,30447000000.0,24729000000.0,5718000000.0,1976000000.0,3742000000.0,,-84000000.0,90000000.0,3658000000.0,1099000000.0,2559000000.0,2327000000.0,6.86,0.1878,0.1229,0.1201,0.0764,0.1593,4251000000.0,3742000000.0,7.4048,-0.6501,6.8545,-0.67,7.5373,2559000000.0,-232000000.0,2327000000.0,0.1396,0.1759,GD
2014-06-30 00:00:00,30431000000.0,24732000000.0,5699000000.0,1995000000.0,3704000000.0,,-82000000.0,91000000.0,3622000000.0,1105000000.0,2517000000.0,2282000000.0,6.62,0.1873,0.1217,0.119,0.075,0.0948,4216000000.0,3704000000.0,7.1948,-0.6629,6.6204,-0.6829,7.3073,2517000000.0,-235000000.0,2282000000.0,0.1385,0.109,GD
2014-03-31 00:00:00,30791000000.0,25052000000.0,5739000000.0,2023000000.0,3716000000.0,,-76000000.0,85000000.0,3640000000.0,1129000000.0,2511000000.0,2381000000.0,6.83,0.1864,0.1207,0.1182,0.0773,0.0838,4224000000.0,3716000000.0,7.1248,-0.3729,6.8364,-0.4029,7.2073,2511000000.0,-130000000.0,2381000000.0,0.1372,0.0984,GD
2013-12-31 00:00:00,30930000000.0,25202000000.0,5728000000.0,2039000000.0,3689000000.0,,-78000000.0,86000000.0,3611000000.0,1125000000.0,2486000000.0,2357000000.0,6.71,0.1852,0.1193,0.1167,0.0762,0.0865,4214000000.0,3689000000.0,7.03,-0.4,6.7205,-0.44,7.09,2486000000.0,-142000000.0,2357000000.0,0.1362,0.1006,GD
2013-09-30 00:00:00,30530000000.0,25568000000.0,4962000000.0,2169000000.0,799000000.0,,-228000000.0,104000000.0,571000000.0,887000000.0,-316000000.0,-268000000.0,-0.77,0.1625,0.0262,0.0187,-0.0088,0.0601,3618000000.0,799000000.0,-0.8589,-0.0728,-0.7081,-0.0629,-0.8549,-316000000.0,-27000000.0,-268000000.0,0.1185,0.0738,GD
2013-06-30 00:00:00,30729000000.0,25810000000.0,4919000000.0,2182000000.0,743000000.0,,-252000000.0,121000000.0,491000000.0,859000000.0,-368000000.0,-319000000.0,-0.92,0.1601,0.0242,0.016,-0.0104,0.0668,3589000000.0,743000000.0,-0.9983,,-0.8596,,-1.0029,-368000000.0,-25000000.0,-319000000.0,0.1168,0.081,GD
2013-03-31 00:00:00,30817000000.0,25878000000.0,4939000000.0,2193000000.0,752000000.0,,-276000000.0,140000000.0,476000000.0,850000000.0,-374000000.0,-325000000.0,-0.95,0.1603,0.0244,0.0154,-0.0105,0.0738,3625000000.0,752000000.0,-1.0342,,-0.8967,,-1.0372,-374000000.0,,-325000000.0,0.1176,0.0875,GD
2012-12-31 00:00:00,30992000000.0,26012000000.0,4980000000.0,2221000000.0,765000000.0,,-292000000.0,156000000.0,473000000.0,854000000.0,-381000000.0,-332000000.0,-0.99,0.1607,0.0247,0.0153,-0.0107,0.07,3650000000.0,765000000.0,-1.0799,,-0.9395,,-1.08,-381000000.0,,-332000000.0,0.1178,0.0841,GD
