Date,Revenue,Cost of Revenue,Gross Profit,R&D Expenses,SG&A Expenses,Operating Income,Interest Expense (Operating),Non-operating Income/Expense,Non-operating Interest Expenses,EBT,Income Tax Provision,Income after Tax,Net Income Common,EPS (Basic),Gross Margin,EBIT Margin,EBT margin,Net Profit Margin,Free Cash Flow Margin,EBITDA,EBIT,"EPS (Diluted, from Cont. Ops)","EPS (Diluted, from Disc. Ops)","EPS (Basic, Consolidated)","EPS (Basic, from Discontinued Ops)","EPS (Basic, from Continuous Ops)",Income from Continuous Operations,Income from Discontinued Operations,Consolidated Net Income/Loss,EBITDA Margin,Operating Cash Flow Margin,Ticker
2022-09-30 00:00:00,75262000000.0,54271000000.0,20991000000.0,2728000000.0,12580000000.0,5358000000.0,1592000000.0,6432000000.0,1616000000.0,-4291000000.0,579000000.0,-4870000000.0,-5900000000.0,-5.53,0.2789,0.0712,-0.057,-0.0784,0.0349,7301000000.0,5358000000.0,-4.71,-0.84,-5.2629,-0.84,-4.71,-4870000000.0,-920000000.0,-4870000000.0,0.097,0.0511,GE
2022-06-30 00:00:00,74768000000.0,53318000000.0,21450000000.0,2669000000.0,12291000000.0,5994000000.0,1595000000.0,6223000000.0,1688000000.0,-3652000000.0,560000000.0,-4212000000.0,-775000000.0,-4.32,0.2869,0.0802,-0.0488,-0.0104,0.0466,8354000000.0,5994000000.0,-4.03,-0.22,-4.0385,-0.21,-4.03,-4212000000.0,-233000000.0,-4221000000.0,0.1117,0.0638,GE
2022-03-31 00:00:00,74376000000.0,53710000000.0,20666000000.0,2577000000.0,12434000000.0,5176000000.0,1668000000.0,4910000000.0,1782000000.0,-4445000000.0,-223000000.0,-4222000000.0,-1114000000.0,-4.66,0.2779,0.0696,-0.0598,-0.015,0.0475,8127000000.0,5176000000.0,-4.01,-0.54,-4.3716,-0.53,-4.01,-4222000000.0,-587000000.0,-4795000000.0,0.1093,0.0637,GE
2021-12-31 00:00:00,74411000000.0,53825000000.0,20586000000.0,2497000000.0,11677000000.0,5960000000.0,1715000000.0,3614000000.0,1876000000.0,-3682000000.0,-285000000.0,-3397000000.0,-2912000000.0,-6.31,0.2767,0.0801,-0.0495,-0.0391,0.0288,8518000000.0,5960000000.0,-3.25,-2.91,-6.0027,-2.91,-3.25,-3396000000.0,-3195000000.0,-6864000000.0,0.1145,0.0448,GE
2021-09-30 00:00:00,74925000000.0,55257000000.0,19668000000.0,2428000000.0,11628000000.0,5353000000.0,2039000000.0,-1284000000.0,1870000000.0,2365000000.0,-220000000.0,2585000000.0,3182000000.0,-0.52,0.2625,0.0714,0.0316,0.0425,0.0461,7955000000.0,5353000000.0,2.09,-2.5,-0.1031,-2.5,2.09,2586000000.0,-2695000000.0,-720000000.0,0.1062,0.0605,GE
2021-06-30 00:00:00,74862000000.0,55966000000.0,18896000000.0,2396000000.0,12289000000.0,4211000000.0,2360000000.0,-4048000000.0,1934000000.0,161000000.0,-705000000.0,866000000.0,-2809000000.0,-2.64,0.2524,0.0563,0.0022,-0.0375,0.0327,7661000000.0,4211000000.0,0.51,-3.09,-2.2727,-3.1,0.51,867000000.0,-3355000000.0,-2488000000.0,0.1023,0.047,GE
2021-03-31 00:00:00,73414000000.0,55981000000.0,17433000000.0,2403000000.0,12559000000.0,1594000000.0,2868000000.0,-1694000000.0,2007000000.0,-100000000.0,-399000000.0,299000000.0,-3800000000.0,-3.6,0.2375,0.0217,-0.0014,-0.0518,0.0072,5032000000.0,1594000000.0,-0.12,-3.46,-3.1874,-3.47,-0.12,300000000.0,-3784000000.0,-3485000000.0,0.0685,0.0251,GE
2020-12-31 00:00:00,75833000000.0,57871000000.0,17962000000.0,2565000000.0,12751000000.0,1769000000.0,3239000000.0,4200000000.0,2068000000.0,5970000000.0,-487000000.0,6457000000.0,5230000000.0,4.64,0.2369,0.0233,0.0787,0.069,0.0269,5233000000.0,1769000000.0,5.46,-0.83,5.0695,-0.83,5.46,6457000000.0,-911000000.0,5546000000.0,0.069,0.0471,GE
2020-09-30 00:00:00,76069000000.0,56005000000.0,20064000000.0,,12984000000.0,1154000000.0,3452000000.0,2606000000.0,1302000000.0,3759000000.0,-37000000.0,3796000000.0,3325000000.0,2.88,0.2638,0.0152,0.0494,0.0437,0.0633,3206000000.0,1154000000.0,3.02,-0.1537,3.3166,-0.1537,10.46,3795000000.0,-167000000.0,3628000000.0,0.0421,0.0873,GE
2020-06-30 00:00:00,80900000000.0,59292000000.0,21608000000.0,,13136000000.0,2401000000.0,,1729000000.0,2055000000.0,4130000000.0,487000000.0,3643000000.0,-4950000000.0,-4.64,0.2671,0.0297,0.0511,-0.0612,0.0644,4791000000.0,2401000000.0,2.86,-7.52,-4.1905,-7.52,2.86,3642000000.0,-8202000000.0,-4560000000.0,0.0592,0.0883,GE
2020-03-31 00:00:00,87509000000.0,63071000000.0,24438000000.0,,13594000000.0,5517000000.0,,-385000000.0,2423000000.0,5132000000.0,466000000.0,4666000000.0,-2832000000.0,-2.64,0.2793,0.063,0.0586,-0.0324,0.0699,8475000000.0,5517000000.0,3.82,-6.4,-2.1458,-6.4,3.82,4665000000.0,-6990000000.0,-2324000000.0,0.0968,0.0958,GE
2019-12-31 00:00:00,90221000000.0,64852000000.0,25369000000.0,,13982000000.0,6783000000.0,,-6837000000.0,2927000000.0,-54000000.0,552000000.0,-606000000.0,-5439000000.0,-5.04,0.2812,0.0752,-0.0006,-0.0603,0.0733,10324000000.0,6783000000.0,-0.98,-4.0,-4.5023,-4.0,-0.98,-606000000.0,-4306000000.0,-4912000000.0,0.1144,0.0968,GE
2019-09-30 00:00:00,85646000000.0,59844000000.0,25802000000.0,,12708000000.0,8032000000.0,,-7993000000.0,4311000000.0,39000000.0,-413000000.0,452000000.0,-5402000000.0,-4.96,0.3013,0.0938,0.0005,-0.0631,0.0969,13706000000.0,8032000000.0,-0.16,-4.7763,-4.3704,-4.7763,-7.6,452000000.0,-5225000000.0,-4774000000.0,0.16,0.1238,GE
2019-06-30 00:00:00,85678000000.0,60363000000.0,25315000000.0,,13501000000.0,-14481000000.0,,-7193000000.0,4187000000.0,-21674000000.0,-402000000.0,-21272000000.0,-18745000000.0,-17.28,0.2955,-0.169,-0.253,-0.2188,0.0407,-8999000000.0,-14481000000.0,-20.08,2.8,-16.8063,2.8,-20.08,-21272000000.0,3023000000.0,-18250000000.0,-0.105,0.0682,GE
2019-03-31 00:00:00,91426000000.0,64700000000.0,26726000000.0,,14322000000.0,-13147000000.0,,-6993000000.0,4549000000.0,-20142000000.0,283000000.0,-20425000000.0,-18069000000.0,-16.64,0.2923,-0.1438,-0.2203,-0.1976,0.0306,-7077000000.0,-13147000000.0,-19.2,2.48,-16.2857,2.48,-19.2,-20425000000.0,2741000000.0,-17685000000.0,-0.0774,0.0524,GE
2018-12-31 00:00:00,97012000000.0,69403000000.0,27609000000.0,,15057000000.0,-12999000000.0,,-7988000000.0,4766000000.0,-20987000000.0,93000000.0,-21080000000.0,-22802000000.0,-20.96,0.2846,-0.134,-0.2163,-0.235,0.0219,-6417000000.0,-12999000000.0,-19.76,-1.28,-20.6587,-1.28,-19.76,-21080000000.0,-1363000000.0,-22443000000.0,-0.0661,0.0513,GE
2018-09-30 00:00:00,92981000000.0,70576000000.0,22405000000.0,,14359000000.0,-15530000000.0,,-19085000000.0,4838000000.0,-34614000000.0,-1608000000.0,-33006000000.0,-34379000000.0,-30.56,0.241,-0.167,-0.3723,-0.3697,-0.0205,-9667000000.0,-15530000000.0,-30.56,-1.0873,-31.4611,-1.0873,-30.56,-33003000000.0,-1170000000.0,-34175000000.0,-0.104,0.0008,GE
2018-06-30 00:00:00,100251000000.0,76400000000.0,23851000000.0,,15176000000.0,6125000000.0,,-17031000000.0,4915000000.0,-10906000000.0,-2211000000.0,-8695000000.0,-10247000000.0,-7.92,0.2379,0.0611,-0.1088,-0.1022,0.02,12707000000.0,6125000000.0,-8.16,-1.3273,-9.3272,-1.3273,-8.16,-8692000000.0,-1431000000.0,-10125000000.0,0.1268,0.0383,GE
2018-03-31 00:00:00,100186000000.0,76274000000.0,23912000000.0,,15049000000.0,6313000000.0,,-17329000000.0,4798000000.0,-11015000000.0,-2753000000.0,-8262000000.0,-9987000000.0,-7.36,0.2387,0.063,-0.1099,-0.0997,0.049,12649000000.0,6313000000.0,-7.84,-1.4073,-9.0031,-1.4073,-7.84,-8260000000.0,-1514000000.0,-9775000000.0,0.1263,0.0694,GE
2017-12-31 00:00:00,99279000000.0,75593000000.0,23686000000.0,,15317000000.0,5819000000.0,,-17163000000.0,4655000000.0,-11345000000.0,-2808000000.0,-8537000000.0,-8920000000.0,-5.68,0.2386,0.0586,-0.1143,-0.0898,0.0502,12013000000.0,5819000000.0,-8.0,-0.2873,-8.1493,-0.2873,-8.0,-8536000000.0,-312000000.0,-8849000000.0,0.121,0.066,GE
2017-09-30 00:00:00,115504000000.0,89466000000.0,26038000000.0,,17868000000.0,7223000000.0,,-4506000000.0,4547000000.0,2715000000.0,-2129000000.0,4844000000.0,4238000000.0,6.56,0.2254,0.0625,0.0235,0.0367,0.0207,16080000000.0,7223000000.0,4.16,-0.4574,3.9274,-0.5347,4.16,4844000000.0,-596000000.0,4353000000.0,0.1392,0.0513,GE
2017-06-30 00:00:00,114108000000.0,86761000000.0,27347000000.0,,17447000000.0,9900000000.0,,-5856000000.0,4276000000.0,4043000000.0,-1560000000.0,5603000000.0,4908000000.0,6.64,0.2397,0.0868,0.0354,0.043,0.0189,17866000000.0,9900000000.0,4.72,-0.4574,4.5807,-0.5347,4.8,5603000000.0,-1031000000.0,5113000000.0,0.1566,0.0528,GE
2017-03-31 00:00:00,118505000000.0,87521000000.0,30984000000.0,,18348000000.0,12636000000.0,,-5896000000.0,4428000000.0,6740000000.0,-1061000000.0,7801000000.0,6789000000.0,7.92,0.2615,0.1066,0.0569,0.0573,-0.0148,20228000000.0,12636000000.0,6.64,-0.7774,6.1281,-0.8547,6.72,7802000000.0,-1193000000.0,6917000000.0,0.1707,0.0037,GE
2016-12-31 00:00:00,119469000000.0,87652000000.0,31817000000.0,,18738000000.0,13079000000.0,,-6047000000.0,5025000000.0,7031000000.0,-1133000000.0,8164000000.0,6845000000.0,7.28,0.2663,0.1095,0.0589,0.0573,-0.0135,20149000000.0,13079000000.0,6.8,-0.8,6.392,-0.88,6.88,8165000000.0,,7211000000.0,0.1687,0.0097,GE
2016-09-30 00:00:00,124497000000.0,87294000000.0,37203000000.0,,21141000000.0,16062000000.0,,-6697000000.0,5258000000.0,8039000000.0,1044000000.0,6995000000.0,10972000000.0,9.2,0.2988,0.129,0.0646,0.0881,0.0103,20996000000.0,16062000000.0,7.04,2.2386,9.589,2.2598,7.12,8479000000.0,2804000000.0,11284000000.0,0.1686,0.0391,GE
2016-06-30 00:00:00,123259000000.0,86183000000.0,37076000000.0,,21113000000.0,15963000000.0,,-6622000000.0,5194000000.0,8015000000.0,1161000000.0,6854000000.0,11484000000.0,9.44,0.3008,0.1295,0.065,0.0932,0.004,21026000000.0,15963000000.0,6.72,2.8132,9.8513,2.8379,6.72,8338000000.0,3538000000.0,11878000000.0,0.1706,0.0379,GE
2016-03-31 00:00:00,118991000000.0,84372000000.0,34619000000.0,,20599000000.0,14020000000.0,,-5890000000.0,4581000000.0,6803000000.0,1499000000.0,5304000000.0,7368000000.0,6.0,0.2909,0.1178,0.0572,0.0619,0.0844,18976000000.0,14020000000.0,5.2,0.8932,6.4644,0.9179,5.2,6788000000.0,1132000000.0,7921000000.0,0.1595,0.1214,GE
2015-12-31 00:00:00,117385000000.0,82693000000.0,34692000000.0,,20438000000.0,14254000000.0,,-4743000000.0,3463000000.0,8186000000.0,7970000000.0,216000000.0,-6144000000.0,-4.72,0.2955,0.1214,0.0697,-0.0523,0.1329,19101000000.0,14254000000.0,1.36,-6.0442,-4.4418,-6.0168,1.36,1700000000.0,-7496000000.0,-5794000000.0,0.1627,0.1695,GE
2015-09-30 00:00:00,102762000000.0,84545000000.0,18217000000.0,,11341000000.0,6876000000.0,,71000000.0,186000000.0,6947000000.0,6789000000.0,158000000.0,-7275000000.0,-5.76,0.1773,0.0669,0.0676,-0.0708,0.1999,11563000000.0,6876000000.0,0.16,-5.9036,-5.4517,-5.9045,0.16,158000000.0,-7018000000.0,-6858000000.0,0.1125,0.2395,GE
2015-06-30 00:00:00,106841000000.0,84430000000.0,22411000000.0,,13106000000.0,9305000000.0,,-1204000000.0,614000000.0,8101000000.0,7055000000.0,1046000000.0,-6244000000.0,-4.96,0.2098,0.0871,0.0758,-0.0584,0.2428,14152000000.0,9305000000.0,0.88,-5.84,-4.6706,-5.84,0.88,1046000000.0,-6941000000.0,-5894000000.0,0.1325,0.2797,GE
2015-03-31 00:00:00,109875000000.0,83864000000.0,26011000000.0,,14707000000.0,11304000000.0,,-2739000000.0,1200000000.0,8565000000.0,6448000000.0,2117000000.0,-1339000000.0,-1.12,0.2367,0.1029,0.078,-0.0122,0.2329,15169000000.0,11304000000.0,1.76,-2.88,-0.944,-2.88,1.84,2117000000.0,-3333000000.0,-1215000000.0,0.1381,0.2625,GE
2014-12-31 00:00:00,117184000000.0,83704000000.0,33480000000.0,,17963000000.0,15517000000.0,,-5253000000.0,2723000000.0,10263000000.0,773000000.0,9490000000.0,15233000000.0,12.08,0.2857,0.1324,0.0876,0.13,0.2005,20470000000.0,15517000000.0,7.52,4.48,12.221,4.56,7.6,9490000000.0,5855000000.0,15345000000.0,0.1747,0.2365,GE
2014-09-30 00:00:00,105497000000.0,82848000000.0,22649000000.0,,13342000000.0,9307000000.0,,-2100000000.0,-13000000.0,7207000000.0,1265000000.0,5942000000.0,13287000000.0,11.36,0.2147,0.0882,0.0683,0.1259,0.2561,11177000000.0,9307000000.0,4.72,5.7582,10.6404,5.8426,4.72,5942000000.0,7429000000.0,13370000000.0,0.1059,0.2616,GE
2014-06-30 00:00:00,109051000000.0,82563000000.0,26488000000.0,,15704000000.0,10784000000.0,,-3161000000.0,1107000000.0,7623000000.0,1212000000.0,6411000000.0,12941000000.0,11.04,0.2429,0.0989,0.0699,0.1187,0.2311,13806000000.0,10784000000.0,5.04,5.12,10.351,5.2,5.04,6411000000.0,6632000000.0,13042000000.0,0.1266,0.2457,GE
2014-03-31 00:00:00,111850000000.0,81048000000.0,30802000000.0,,17969000000.0,12833000000.0,,-4553000000.0,2408000000.0,8280000000.0,1330000000.0,6950000000.0,12529000000.0,10.64,0.2754,0.1147,0.074,0.112,0.2284,17915000000.0,12833000000.0,5.28,4.48,10.0954,4.56,5.28,6950000000.0,5847000000.0,12796000000.0,0.1602,0.258,GE
2013-12-31 00:00:00,113245000000.0,79841000000.0,33404000000.0,,18773000000.0,14631000000.0,,-5531000000.0,2870000000.0,9100000000.0,1219000000.0,7881000000.0,13057000000.0,10.96,0.295,0.1292,0.0804,0.1153,0.2161,19833000000.0,14631000000.0,5.92,4.24,10.4519,4.24,5.92,7881000000.0,5475000000.0,13355000000.0,0.1751,0.2518,GE
2013-09-30 00:00:00,144616000000.0,73994000000.0,70622000000.0,,36276000000.0,34346000000.0,,-17618000000.0,10534000000.0,16728000000.0,1982000000.0,14746000000.0,13862000000.0,10.64,0.4883,0.2375,0.1157,0.0959,0.1323,43991000000.0,34346000000.0,11.12,-0.431,10.9623,-0.4312,11.2,14746000000.0,-609000000.0,14137000000.0,0.3042,0.1965,GE
2013-06-30 00:00:00,145209000000.0,73048000000.0,72161000000.0,,36467000000.0,35694000000.0,,-18562000000.0,11061000000.0,17132000000.0,2191000000.0,14941000000.0,14162000000.0,10.8,0.4969,0.2458,0.118,0.0975,0.138,45049000000.0,35694000000.0,11.2,-0.32,11.1223,-0.32,11.28,14941000000.0,-477000000.0,14464000000.0,0.3102,0.2,GE
2013-03-31 00:00:00,146547000000.0,73756000000.0,72791000000.0,,36333000000.0,36458000000.0,,-18872000000.0,11663000000.0,17586000000.0,2377000000.0,15209000000.0,14134000000.0,10.72,0.4967,0.2488,0.12,0.0964,0.131,45739000000.0,36458000000.0,11.44,-0.64,10.9248,-0.64,11.52,15209000000.0,-906000000.0,14303000000.0,0.3121,0.2011,GE
2012-12-31 00:00:00,146684000000.0,74310000000.0,72374000000.0,,35897000000.0,36477000000.0,,-19096000000.0,12407000000.0,17381000000.0,2534000000.0,14847000000.0,13641000000.0,10.32,0.4934,0.2487,0.1185,0.093,0.1527,45669000000.0,36477000000.0,11.04,-0.72,10.54,-0.72,11.12,14847000000.0,-983000000.0,13864000000.0,0.3113,0.2136,GE
