Date,Revenue,Cost of Revenue,Gross Profit,SG&A Expenses,Operating Income,Interest Expense (Operating),Non-operating Income/Expense,Non-operating Interest Expenses,EBT,Income Tax Provision,Income after Tax,Share of Subsidiary Earnings,Net Income Common,EPS (Basic),Gross Margin,EBIT Margin,EBT margin,Net Profit Margin,Free Cash Flow Margin,EBITDA,EBIT,"EPS (Diluted, from Cont. Ops)","EPS (Diluted, from Disc. Ops)","EPS (Basic, Consolidated)","EPS (Basic, from Discontinued Ops)","EPS (Basic, from Continuous Ops)",Income from Continuous Operations,Income from Discontinued Operations,Consolidated Net Income/Loss,EBITDA Margin,Operating Cash Flow Margin,Ticker
2022-09-30 00:00:00,147211000000.0,128235000000.0,18976000000.0,9752000000.0,9224000000.0,946000000.0,2537000000.0,289000000.0,11245000000.0,1778000000.0,8166000000.0,1918000000.0,8627000000.0,5.89,0.1289,0.0627,0.0764,0.0586,0.0536,20670000000.0,9224000000.0,6.4586,,6.5098,,6.5098,9467000000.0,,9467000000.0,0.1404,0.117,GM
2022-06-30 00:00:00,132101000000.0,115201000000.0,16900000000.0,9423000000.0,7477000000.0,917000000.0,2997000000.0,205000000.0,9686000000.0,1085000000.0,7300000000.0,,7724000000.0,5.26,0.1279,0.0566,0.0733,0.0585,0.0691,19230000000.0,7477000000.0,5.853,,5.9072,,5.9072,8601000000.0,,8601000000.0,0.1456,0.0907,GM
2022-03-31 00:00:00,130509000000.0,113011000000.0,17498000000.0,9255000000.0,8243000000.0,926000000.0,3201000000.0,375000000.0,11304000000.0,1566000000.0,8437000000.0,1916000000.0,8848000000.0,6.04,0.1341,0.0632,0.0866,0.0678,0.0816,20170000000.0,8243000000.0,6.6253,,6.6962,,6.6962,9738000000.0,,9738000000.0,0.1545,0.1228,GM
2021-12-31 00:00:00,127004000000.0,109126000000.0,17878000000.0,8554000000.0,9324000000.0,950000000.0,3254000000.0,575000000.0,12716000000.0,2771000000.0,8644000000.0,2430000000.0,9837000000.0,6.75,0.1408,0.0734,0.1001,0.0775,0.0588,21375000000.0,9324000000.0,6.7745,,6.8539,,6.8539,9945000000.0,,9945000000.0,0.1683,0.1196,GM
2021-09-30 00:00:00,130938000000.0,112161000000.0,18777000000.0,8206000000.0,10571000000.0,998000000.0,2472000000.0,806000000.0,13112000000.0,2942000000.0,10170000000.0,1362000000.0,10942000000.0,7.55,0.1434,0.0807,0.1001,0.0836,0.1331,22765000000.0,10571000000.0,7.5156,,7.5917,,7.5917,10976000000.0,,10976000000.0,0.1739,0.1151,GM
2021-06-30 00:00:00,139639000000.0,118603000000.0,21036000000.0,7686000000.0,13350000000.0,1095000000.0,2129000000.0,1095000000.0,15479000000.0,3677000000.0,11802000000.0,,12572000000.0,8.73,0.1506,0.0956,0.1109,0.09,0.0514,25625000000.0,13350000000.0,8.6814,,8.7543,,8.7543,12608000000.0,,12608000000.0,0.1835,0.1887,GM
2021-03-31 00:00:00,122250000000.0,106125000000.0,16125000000.0,6871000000.0,9254000000.0,1155000000.0,1583000000.0,1155000000.0,10837000000.0,2594000000.0,8243000000.0,1893000000.0,8976000000.0,6.25,0.1319,0.0757,0.0886,0.0734,0.0337,21776000000.0,9254000000.0,6.2436,,6.2944,,6.2944,9049000000.0,,9049000000.0,0.1781,0.1339,GM
2020-12-31 00:00:00,122485000000.0,108813000000.0,13672000000.0,7038000000.0,6634000000.0,1098000000.0,787000000.0,1098000000.0,7421000000.0,1774000000.0,5647000000.0,1942000000.0,6247000000.0,4.36,0.1116,0.0542,0.0606,0.051,0.0779,19449000000.0,6634000000.0,4.3835,,4.4111,,4.4111,6321000000.0,,6321000000.0,0.1588,0.1361,GM
2020-09-30 00:00:00,115793000000.0,105290000000.0,10503000000.0,7190000000.0,3313000000.0,1023000000.0,266000000.0,1023000000.0,3579000000.0,969000000.0,2610000000.0,,3214000000.0,2.25,0.0907,0.0286,0.0309,0.0278,-0.0318,16334000000.0,3313000000.0,2.3117,,2.3183,,2.3183,3332000000.0,,3332000000.0,0.1411,0.1162,GM
2020-06-30 00:00:00,115786000000.0,107023000000.0,8763000000.0,7570000000.0,1193000000.0,,63000000.0,902000000.0,1256000000.0,353000000.0,903000000.0,,1522000000.0,1.07,0.0757,0.0103,0.0108,0.0131,0.0039,14361000000.0,1193000000.0,1.1221,,1.1307,,1.1307,1625000000.0,,1625000000.0,0.124,0.0758,GM
2020-03-31 00:00:00,135068000000.0,121812000000.0,13256000000.0,8362000000.0,4894000000.0,,181000000.0,794000000.0,5075000000.0,989000000.0,4086000000.0,2651000000.0,4709000000.0,3.31,0.0981,0.0362,0.0376,0.0349,0.0504,18204000000.0,4894000000.0,3.3379,,3.3677,,3.3677,4808000000.0,,4808000000.0,0.1348,0.1234,GM
2019-12-31 00:00:00,137237000000.0,123265000000.0,13972000000.0,8491000000.0,5481000000.0,,687000000.0,782000000.0,6168000000.0,769000000.0,5399000000.0,3431000000.0,6581000000.0,4.64,0.1018,0.0399,0.0449,0.048,0.0315,19599000000.0,5481000000.0,4.633,,4.6819,,4.6819,6667000000.0,,6667000000.0,0.1428,0.1095,GM
2019-09-30 00:00:00,144810000000.0,129259000000.0,15551000000.0,8687000000.0,6864000000.0,,456000000.0,767000000.0,7320000000.0,321000000.0,6999000000.0,,8805000000.0,6.22,0.1074,0.0474,0.0505,0.0608,0.0491,21342000000.0,6864000000.0,6.1674,,6.2892,,6.2544,8928000000.0,,8928000000.0,0.1474,0.1214,GM
2019-06-30 00:00:00,145128000000.0,129695000000.0,15433000000.0,9263000000.0,6170000000.0,,1198000000.0,722000000.0,7368000000.0,150000000.0,7218000000.0,,8995000000.0,6.37,0.1063,0.0425,0.0508,0.062,0.0208,20652000000.0,6170000000.0,6.3148,,6.4627,,6.4061,9147000000.0,,9147000000.0,0.1423,0.1013,GM
2019-03-31 00:00:00,145828000000.0,131291000000.0,14537000000.0,9377000000.0,5160000000.0,,2166000000.0,686000000.0,7326000000.0,145000000.0,7181000000.0,4154000000.0,8989000000.0,6.37,0.0997,0.0354,0.0502,0.0616,0.0122,19364000000.0,5160000000.0,6.3037,,6.4484,,6.3938,9110000000.0,,9110000000.0,0.1328,0.101,GM
2018-12-31 00:00:00,147049000000.0,132954000000.0,14095000000.0,9650000000.0,4445000000.0,,1941000000.0,655000000.0,6386000000.0,474000000.0,5912000000.0,4295000000.0,7916000000.0,5.6,0.0959,0.0302,0.0434,0.0538,0.0042,18114000000.0,4445000000.0,5.58,,5.6732,,5.66,8075000000.0,,8005000000.0,0.1232,0.1037,GM
2018-09-30 00:00:00,146365000000.0,130938000000.0,15427000000.0,9606000000.0,5821000000.0,,2038000000.0,615000000.0,7859000000.0,8981000000.0,-1122000000.0,,759000000.0,0.53,0.1054,0.0398,0.0537,0.0052,0.001,19021000000.0,5821000000.0,0.97,,0.7725,,0.98,1103000000.0,,756000000.0,0.13,0.1101,GM
2018-06-30 00:00:00,144197000000.0,129085000000.0,15112000000.0,9325000000.0,5787000000.0,,1872000000.0,605000000.0,7659000000.0,11197000000.0,-3538000000.0,,-4727000000.0,-3.3,0.1048,0.0401,0.0531,-0.0328,-0.0171,18821000000.0,5787000000.0,-0.7,,-3.083,,-0.71,-1313000000.0,,-4756000000.0,0.1305,0.1063,GM
2018-03-31 00:00:00,144421000000.0,128228000000.0,16193000000.0,9586000000.0,6607000000.0,,1134000000.0,578000000.0,7741000000.0,11212000000.0,-3471000000.0,4502000000.0,-5442000000.0,-3.87,0.1121,0.0457,0.0536,-0.0377,-0.0294,19706000000.0,6607000000.0,-0.76,2.82,-3.6501,2.88,-0.77,-1246000000.0,-4213000000.0,-5459000000.0,0.1364,0.109,GM
2017-12-31 00:00:00,145588000000.0,127357000000.0,18231000000.0,9570000000.0,8661000000.0,,1070000000.0,575000000.0,9731000000.0,11533000000.0,-1802000000.0,4414000000.0,-3880000000.0,-2.87,0.1252,0.0595,0.0668,-0.0267,-0.025,20922000000.0,8661000000.0,0.22,2.82,-2.6498,2.88,0.23,330000000.0,-4212000000.0,-3882000000.0,0.1437,0.119,GM
2017-09-30 00:00:00,143520000000.0,126715000000.0,16805000000.0,9755000000.0,7050000000.0,,1831000000.0,577000000.0,8881000000.0,4038000000.0,4843000000.0,,3120000000.0,1.99,0.1171,0.0491,0.0619,0.0217,-0.1608,18828000000.0,7050000000.0,4.7078,2.5962,1.9645,2.6261,4.781,7120000000.0,-4047000000.0,3073000000.0,0.1312,0.1007,GM
2017-06-30 00:00:00,148786000000.0,130312000000.0,18474000000.0,9852000000.0,8622000000.0,,1438000000.0,571000000.0,10060000000.0,2624000000.0,7436000000.0,,8876000000.0,5.84,0.1242,0.0579,0.0676,0.0597,-0.1047,19787000000.0,8622000000.0,6.3878,0.4894,5.7779,0.4893,6.491,9713000000.0,-946000000.0,8767000000.0,0.133,0.122,GM
2017-03-31 00:00:00,149185000000.0,130005000000.0,19180000000.0,9883000000.0,9297000000.0,,1417000000.0,583000000.0,10714000000.0,2967000000.0,7747000000.0,4477000000.0,10082000000.0,6.58,0.1286,0.0623,0.0718,0.0676,-0.0648,19567000000.0,9297000000.0,6.5278,0.0494,6.5081,0.0493,6.651,10024000000.0,-70000000.0,9954000000.0,0.1312,0.1257,GM
2016-12-31 00:00:00,149184000000.0,130153000000.0,19031000000.0,10345000000.0,8686000000.0,,1040000000.0,563000000.0,9726000000.0,2739000000.0,6987000000.0,4475000000.0,9427000000.0,6.09,0.1276,0.0582,0.0652,0.0632,-0.0584,18505000000.0,8686000000.0,6.0,,6.0182,,6.12,9269000000.0,-1000000.0,9268000000.0,0.124,0.1113,GM
2016-09-30 00:00:00,136527000000.0,116697000000.0,19830000000.0,9238000000.0,10592000000.0,,639000000.0,509000000.0,11231000000.0,-152000000.0,11383000000.0,,13858000000.0,8.91,0.1452,0.0776,0.0823,0.1015,-0.0359,19296000000.0,10592000000.0,8.5581,,8.7761,,8.7828,13583000000.0,,13719000000.0,0.1413,0.1091,GM
2016-06-30 00:00:00,136481000000.0,116920000000.0,19561000000.0,11120000000.0,8441000000.0,,687000000.0,476000000.0,9128000000.0,-889000000.0,10017000000.0,,12444000000.0,7.98,0.1433,0.0618,0.0669,0.0912,-0.0633,16505000000.0,8441000000.0,7.6269,,7.8767,,7.8431,12217000000.0,,12348000000.0,0.1209,0.0852,GM
2016-03-31 00:00:00,137278000000.0,118932000000.0,18346000000.0,11589000000.0,6757000000.0,,467000000.0,440000000.0,7224000000.0,-1189000000.0,8413000000.0,4242000000.0,10695000000.0,6.83,0.1336,0.0492,0.0526,0.0779,-0.0738,14779000000.0,6757000000.0,6.5736,,6.7499,,6.7774,10613000000.0,,10638000000.0,0.1077,0.0822,GM
2015-12-31 00:00:00,135725000000.0,118299000000.0,17426000000.0,11888000000.0,5538000000.0,,640000000.0,423000000.0,6178000000.0,-1219000000.0,7397000000.0,4287000000.0,9687000000.0,6.15,0.1284,0.0408,0.0455,0.0714,-0.0666,13025000000.0,5538000000.0,5.89,,6.0624,,6.0899,9590000000.0,,9615000000.0,0.096,0.0867,GM
2015-09-30 00:00:00,152352000000.0,134556000000.0,17796000000.0,13329000000.0,4347000000.0,,559000000.0,434000000.0,4906000000.0,1550000000.0,3356000000.0,,4526000000.0,2.81,0.1168,0.0285,0.0322,0.0297,0.007,10255000000.0,4347000000.0,3.2475,,3.3801,,3.3801,5398000000.0,,5398000000.0,0.0673,0.0829,GM
2015-06-30 00:00:00,152764000000.0,136099000000.0,16665000000.0,11968000000.0,4577000000.0,,692000000.0,418000000.0,5269000000.0,1812000000.0,3457000000.0,,4551000000.0,2.81,0.1091,0.03,0.0345,0.0298,-0.0064,8591000000.0,4577000000.0,3.2714,,3.4243,,3.4243,5499000000.0,,5499000000.0,0.0562,0.0682,GM
2015-03-31 00:00:00,154233000000.0,138961000000.0,15272000000.0,12334000000.0,2818000000.0,,767000000.0,410000000.0,3585000000.0,981000000.0,2604000000.0,3037000000.0,3624000000.0,2.23,0.099,0.0183,0.0232,0.0235,-0.0181,4575000000.0,2818000000.0,2.7547,,2.8885,,2.8885,4646000000.0,,4646000000.0,0.0297,0.0549,GM
2014-12-31 00:00:00,155929000000.0,142121000000.0,13808000000.0,12158000000.0,1530000000.0,,622000000.0,403000000.0,2152000000.0,228000000.0,1924000000.0,2920000000.0,2804000000.0,1.73,0.0886,0.0098,0.0138,0.018,-0.0082,1530000000.0,1530000000.0,2.3817,,2.5034,,2.5034,4018000000.0,,4018000000.0,0.0098,0.0645,GM
2014-09-30 00:00:00,156797000000.0,143096000000.0,13701000000.0,12834000000.0,386000000.0,,1764000000.0,416000000.0,2150000000.0,83000000.0,2067000000.0,,2706000000.0,1.61,0.0874,0.0025,0.0137,0.0173,0.0196,386000000.0,386000000.0,1.7408,,1.9738,,1.9738,3062000000.0,,3062000000.0,0.0025,0.0635,GM
2014-06-30 00:00:00,156525000000.0,141780000000.0,14745000000.0,12789000000.0,1415000000.0,,977000000.0,385000000.0,2392000000.0,498000000.0,1894000000.0,,2020000000.0,1.25,0.0942,0.009,0.0153,0.0129,0.0356,1415000000.0,1415000000.0,1.9024,,2.3095,,2.3095,3325000000.0,,3325000000.0,0.009,0.0813,GM
2014-03-31 00:00:00,155951000000.0,139402000000.0,16549000000.0,12371000000.0,3637000000.0,,423000000.0,346000000.0,4060000000.0,1494000000.0,2566000000.0,1860000000.0,3030000000.0,2.0,0.1061,0.0233,0.026,0.0194,0.0411,3637000000.0,3637000000.0,2.5601,,3.1397,,3.1397,4426000000.0,,4426000000.0,0.0233,0.0884,GM
2013-12-31 00:00:00,155427000000.0,137373000000.0,18054000000.0,12382000000.0,5131000000.0,,517000000.0,334000000.0,5648000000.0,2127000000.0,3521000000.0,1810000000.0,3770000000.0,2.57,0.1162,0.033,0.0363,0.0243,0.0326,5131000000.0,5131000000.0,3.1808,,3.827,,3.827,5331000000.0,,5331000000.0,0.033,0.0813,GM
2013-09-30 00:00:00,154249000000.0,143456000000.0,10793000000.0,14115000000.0,-29817000000.0,,-367000000.0,350000000.0,-30184000000.0,-33652000000.0,3468000000.0,1841000000.0,3655000000.0,2.54,0.07,-0.1933,-0.1957,0.0237,0.0163,-29817000000.0,-29817000000.0,3.2412,,3.7696,,3.7696,5309000000.0,,5309000000.0,-0.1933,0.0671,GM
2013-06-30 00:00:00,152842000000.0,142711000000.0,10131000000.0,14088000000.0,-30470000000.0,,-32000000.0,413000000.0,-30502000000.0,-34137000000.0,3635000000.0,1823000000.0,4433000000.0,2.93,0.0663,-0.1994,-0.1996,0.029,0.0133,-30470000000.0,-30470000000.0,3.3418,,3.7203,,3.7203,5458000000.0,,5458000000.0,-0.1994,0.0646,GM
2013-03-31 00:00:00,151381000000.0,141258000000.0,10123000000.0,14010000000.0,-30400000000.0,,39000000.0,470000000.0,-30361000000.0,-34638000000.0,4277000000.0,1694000000.0,4720000000.0,2.96,0.0669,-0.2008,-0.2006,0.0312,0.006,-30400000000.0,-30400000000.0,3.6517,,3.9232,,3.9232,5971000000.0,,5971000000.0,-0.2008,0.059,GM
2012-12-31 00:00:00,152256000000.0,141443000000.0,10813000000.0,14031000000.0,-30363000000.0,,106000000.0,489000000.0,-30257000000.0,-34831000000.0,4574000000.0,1562000000.0,4859000000.0,2.97,0.071,-0.1994,-0.1987,0.0319,0.0167,-30363000000.0,-30363000000.0,3.6633,,3.9183,,3.9183,6136000000.0,,6136000000.0,-0.1994,0.0697,GM
