Date,Revenue,Cost of Revenue,Gross Profit,R&D Expenses,SG&A Expenses,Operating Income,Interest Expense (Operating),Non-operating Income/Expense,Non-operating Interest Expenses,EBT,Income Tax Provision,Income after Tax,Net Income Common,EPS (Basic),Gross Margin,EBIT Margin,EBT margin,Net Profit Margin,Free Cash Flow Margin,EBITDA,EBIT,"EPS (Diluted, from Cont. Ops)","EPS (Diluted, from Disc. Ops)","EPS (Basic, Consolidated)","EPS (Basic, from Discontinued Ops)","EPS (Basic, from Continuous Ops)",Income from Continuous Operations,Income from Discontinued Operations,Consolidated Net Income/Loss,EBITDA Margin,Operating Cash Flow Margin,Ticker
2022-09-30 00:00:00,280618000000.0,123849000000.0,156769000000.0,37941000000.0,41756000000.0,78567000000.0,384000000.0,2093000000.0,1893000000.0,78583000000.0,11593000000.0,66990000000.0,66990000000.0,4.96,0.5587,0.28,0.28,0.2387,0.2229,92238000000.0,78567000000.0,4.719,,5.0874,,5.0874,66990000000.0,,66990000000.0,0.3287,0.3308,GOOG
2022-06-30 00:00:00,277220000000.0,120312000000.0,156908000000.0,35362000000.0,40002000000.0,82463000000.0,360000000.0,-1489000000.0,1665000000.0,85414000000.0,13398000000.0,72016000000.0,72016000000.0,5.37,0.566,0.2975,0.3081,0.2598,0.2351,95968000000.0,82463000000.0,5.0356,,5.4411,,5.4411,72016000000.0,,72016000000.0,0.3462,0.3427,GOOG
2022-03-31 00:00:00,269791000000.0,116435000000.0,153356000000.0,33196000000.0,38332000000.0,82371000000.0,353000000.0,815000000.0,1568000000.0,88385000000.0,13846000000.0,74539000000.0,74539000000.0,5.5445,0.5684,0.3053,0.3276,0.2763,0.2557,95298000000.0,82371000000.0,5.1799,,5.6072,,5.6072,74539000000.0,,74539000000.0,0.3532,0.3613,GOOG
2021-12-31 00:00:00,257372000000.0,110939000000.0,146433000000.0,31562000000.0,36422000000.0,78714000000.0,346000000.0,4365000000.0,1499000000.0,90734000000.0,14701000000.0,76033000000.0,76033000000.0,5.646,0.569,0.3058,0.3525,0.2954,0.2604,90890000000.0,78714000000.0,5.2574,,5.6941,,5.6941,76033000000.0,,76033000000.0,0.3531,0.3561,GOOG
2021-09-30 00:00:00,239148000000.0,104031000000.0,135117000000.0,29876000000.0,32823000000.0,72480000000.0,282000000.0,8227000000.0,1507000000.0,85021000000.0,14403000000.0,70618000000.0,70618000000.0,5.243,0.565,0.3031,0.3555,0.2953,0.2746,85145000000.0,72480000000.0,4.8608,,5.26,,5.26,70618000000.0,,70618000000.0,0.356,0.3738,GOOG
2021-06-30 00:00:00,220265000000.0,97527000000.0,122738000000.0,29038000000.0,31038000000.0,62662000000.0,253000000.0,12654000000.0,1580000000.0,75316000000.0,12387000000.0,62929000000.0,62929000000.0,4.6705,0.5572,0.2845,0.3419,0.2857,0.2658,75563000000.0,62662000000.0,4.3176,,4.6655,,4.6655,62929000000.0,,62929000000.0,0.3431,0.3671,GOOG
2021-03-31 00:00:00,196682000000.0,89853000000.0,106829000000.0,28238000000.0,28907000000.0,49684000000.0,190000000.0,11924000000.0,1624000000.0,61608000000.0,10245000000.0,51363000000.0,51363000000.0,3.7965,0.5432,0.2526,0.3132,0.2611,0.258,63026000000.0,49684000000.0,3.5149,,3.7913,,3.7913,51363000000.0,,51363000000.0,0.3204,0.371,GOOG
2020-12-31 00:00:00,182527000000.0,84732000000.0,97795000000.0,27573000000.0,28998000000.0,41224000000.0,135000000.0,6858000000.0,1865000000.0,48082000000.0,7813000000.0,40269000000.0,40269000000.0,2.963,0.5358,0.2259,0.2634,0.2206,0.2347,54921000000.0,41224000000.0,2.746,,2.9575,,2.9575,40269000000.0,,40269000000.0,0.3009,0.3568,GOOG
2020-09-30 00:00:00,171704000000.0,79672000000.0,92032000000.0,27773000000.0,29420000000.0,34839000000.0,99000000.0,5258000000.0,2100000000.0,40097000000.0,4384000000.0,35713000000.0,35713000000.0,2.6105,0.536,0.2029,0.2335,0.208,0.0962,48224000000.0,34839000000.0,2.4239,,2.6095,,2.6095,35713000000.0,,35713000000.0,0.2809,0.3312,GOOG
2020-06-30 00:00:00,166030000000.0,76123000000.0,89907000000.0,27471000000.0,29633000000.0,32803000000.0,,2563000000.0,,35366000000.0,3832000000.0,31534000000.0,31534000000.0,2.293,0.5415,0.1976,0.213,0.1899,0.0823,45630000000.0,32803000000.0,2.1301,,2.2919,,2.2919,31534000000.0,,31534000000.0,0.2748,0.3333,GOOG
2020-03-31 00:00:00,166677000000.0,74866000000.0,91811000000.0,26809000000.0,29402000000.0,35600000000.0,,3636000000.0,,39236000000.0,4714000000.0,34522000000.0,34522000000.0,2.499,0.5508,0.2136,0.2354,0.2071,0.0694,47876000000.0,35600000000.0,2.322,,2.4982,,2.4982,34522000000.0,,34522000000.0,0.2872,0.3238,GOOG
2019-12-31 00:00:00,161857000000.0,71896000000.0,89961000000.0,26018000000.0,28015000000.0,34231000000.0,,5394000000.0,,39625000000.0,5282000000.0,34343000000.0,34343000000.0,2.48,0.5558,0.2115,0.2448,0.2122,0.0833,46012000000.0,34231000000.0,2.3046,,2.4793,,2.4793,34343000000.0,,34343000000.0,0.2843,0.3368,GOOG
2019-09-30 00:00:00,155058000000.0,68794000000.0,86264000000.0,24830000000.0,26551000000.0,33186000000.0,,5807000000.0,,38993000000.0,6373000000.0,32620000000.0,32620000000.0,2.349,0.5563,0.214,0.2515,0.2104,0.1838,44134000000.0,33186000000.0,2.1846,,2.3494,,2.3494,32620000000.0,,32620000000.0,0.2846,0.3423,GOOG
2019-06-30 00:00:00,148299000000.0,65507000000.0,82792000000.0,23508000000.0,24953000000.0,32634000000.0,,7814000000.0,,40448000000.0,5704000000.0,34744000000.0,34744000000.0,2.4995,0.5583,0.2201,0.2727,0.2343,0.1868,43017000000.0,32634000000.0,2.3223,,2.5,,2.5,34744000000.0,,34744000000.0,0.2901,0.3427,GOOG
2019-03-31 00:00:00,142012000000.0,62094000000.0,79918000000.0,22409000000.0,24242000000.0,26499000000.0,,6017000000.0,,32516000000.0,4524000000.0,27992000000.0,27992000000.0,2.013,0.5628,0.1866,0.229,0.1971,0.1818,36161000000.0,26499000000.0,1.869,,2.0132,,2.0132,27992000000.0,,27992000000.0,0.2546,0.3403,GOOG
2018-12-31 00:00:00,136819000000.0,59549000000.0,77270000000.0,21419000000.0,23256000000.0,27524000000.0,,7389000000.0,,34913000000.0,4177000000.0,30736000000.0,30736000000.0,2.2105,0.5648,0.2012,0.2552,0.2246,0.1669,36559000000.0,27524000000.0,2.0487,,2.2108,,2.2108,30736000000.0,,30736000000.0,0.2672,0.3506,GOOG
2018-09-30 00:00:00,129866000000.0,55898000000.0,73968000000.0,19691000000.0,22207000000.0,26999000000.0,,5860000000.0,,32859000000.0,14091000000.0,18768000000.0,18768000000.0,1.3495,0.5696,0.2079,0.253,0.1445,0.1756,35480000000.0,26999000000.0,1.2484,,1.3486,,1.3486,18768000000.0,,18768000000.0,0.2732,0.3485,GOOG
2018-06-30 00:00:00,123898000000.0,52765000000.0,71133000000.0,18664000000.0,21242000000.0,26156000000.0,,4599000000.0,,30755000000.0,14447000000.0,16308000000.0,16308000000.0,1.1745,0.5741,0.2111,0.2482,0.1316,0.1714,34043000000.0,26156000000.0,1.0845,,1.1733,,1.1733,16308000000.0,,16308000000.0,0.2748,0.3383,GOOG
2018-03-31 00:00:00,117251000000.0,49255000000.0,67996000000.0,17722000000.0,20295000000.0,27243000000.0,,3674000000.0,,30917000000.0,14280000000.0,16637000000.0,16637000000.0,1.195,0.5799,0.2323,0.2637,0.1419,0.1808,34641000000.0,27243000000.0,1.1062,,1.198,,1.198,16637000000.0,,16637000000.0,0.2954,0.3342,GOOG
2017-12-31 00:00:00,110855000000.0,45583000000.0,65272000000.0,16625000000.0,19733000000.0,26178000000.0,,1015000000.0,,27193000000.0,14531000000.0,12662000000.0,12662000000.0,0.911,0.5888,0.2361,0.2453,0.1142,0.2157,33093000000.0,26178000000.0,0.8433,,0.9137,,0.9137,12662000000.0,,12662000000.0,0.2985,0.3346,GOOG
2017-09-30 00:00:00,104596000000.0,41977000000.0,62619000000.0,15941000000.0,18821000000.0,25121000000.0,,911000000.0,,26032000000.0,5017000000.0,21015000000.0,21015000000.0,1.515,0.5987,0.2402,0.2489,0.2009,0.233,31697000000.0,25121000000.0,1.4015,,1.519,,1.519,21015000000.0,,21015000000.0,0.303,0.3464,GOOG
2017-06-30 00:00:00,99275000000.0,39528000000.0,59747000000.0,15332000000.0,18573000000.0,23106000000.0,,992000000.0,,24098000000.0,4754000000.0,19344000000.0,19344000000.0,1.3975,0.6018,0.2327,0.2427,0.1949,0.2569,29517000000.0,23106000000.0,1.292,,1.4016,,1.4016,19344000000.0,,19344000000.0,0.2973,0.3647,GOOG
2017-03-31 00:00:00,94765000000.0,37285000000.0,57480000000.0,14523000000.0,18015000000.0,24942000000.0,,898000000.0,,25840000000.0,5143000000.0,20697000000.0,20697000000.0,1.5025,0.6066,0.2632,0.2727,0.2184,0.2946,31218000000.0,24942000000.0,1.3841,,1.5024,,1.5024,20697000000.0,,20697000000.0,0.3294,0.4002,GOOG
2016-12-31 00:00:00,90272000000.0,35138000000.0,55134000000.0,13948000000.0,17470000000.0,23716000000.0,,434000000.0,,24150000000.0,4672000000.0,19478000000.0,19478000000.0,1.411,0.6108,0.2627,0.2675,0.2158,0.2887,29860000000.0,23716000000.0,1.3028,,1.4161,,1.4161,19478000000.0,,19478000000.0,0.3308,0.3992,GOOG
2016-09-30 00:00:00,85537000000.0,32665000000.0,52872000000.0,13836000000.0,16579000000.0,22457000000.0,,36000000.0,,22493000000.0,3425000000.0,19068000000.0,19068000000.0,1.3825,0.6181,0.2625,0.263,0.2229,0.2832,28318000000.0,22457000000.0,1.276,,1.3879,,1.3879,19068000000.0,,19068000000.0,0.3311,0.3885,GOOG
2016-06-30 00:00:00,81761000000.0,31003000000.0,50758000000.0,13470000000.0,15890000000.0,21398000000.0,,-59000000.0,,21339000000.0,3353000000.0,17986000000.0,17986000000.0,1.3045,0.6208,0.2617,0.261,0.22,0.2508,26911000000.0,21398000000.0,1.204,,1.3097,,1.3097,17986000000.0,,17986000000.0,0.3291,0.3612,GOOG
2016-03-31 00:00:00,77988000000.0,29456000000.0,48532000000.0,12896000000.0,15381000000.0,20255000000.0,,-79000000.0,,20176000000.0,3136000000.0,17040000000.0,16518000000.0,1.1985,0.6223,0.2597,0.2587,0.2118,0.232,25512000000.0,20255000000.0,1.1417,,1.2418,,1.2418,17040000000.0,,17040000000.0,0.3271,0.3527,GOOG
2015-12-31 00:00:00,74989000000.0,28164000000.0,46825000000.0,12282000000.0,15183000000.0,19360000000.0,,291000000.0,,19651000000.0,3303000000.0,16348000000.0,15826000000.0,1.161,0.6244,0.2582,0.2621,0.211,0.2221,24423000000.0,19360000000.0,1.0977,,1.1939,,1.1939,16348000000.0,,16348000000.0,0.3257,0.3543,GOOG
2015-09-30 00:00:00,71763000000.0,26897000000.0,44866000000.0,11585000000.0,14902000000.0,18379000000.0,,599000000.0,,18978000000.0,3926000000.0,15052000000.0,15497000000.0,1.1525,0.6252,0.2561,0.2645,0.2159,0.2175,23305000000.0,18379000000.0,0.9921,,1.174,,1.1028,15052000000.0,,16019000000.0,0.3247,0.3759,GOOG
2015-06-30 00:00:00,69611000000.0,26555000000.0,43056000000.0,11010000000.0,14651000000.0,17395000000.0,,549000000.0,,17944000000.0,3947000000.0,13997000000.0,14257000000.0,1.0694,0.6185,0.2499,0.2578,0.2048,0.2214,22620000000.0,17395000000.0,0.9221,,1.0865,,1.0289,13997000000.0,,14779000000.0,0.3249,0.3853,GOOG
2015-03-31 00:00:00,67839000000.0,26086000000.0,41753000000.0,10459000000.0,14466000000.0,16828000000.0,,563000000.0,,17391000000.0,3906000000.0,13485000000.0,14199000000.0,1.0727,0.6155,0.2481,0.2564,0.2093,0.2036,21898000000.0,16828000000.0,0.8881,,1.0472,,0.9946,13485000000.0,,14199000000.0,0.3228,0.3738,GOOG
2014-12-31 00:00:00,66001000000.0,25691000000.0,40310000000.0,9832000000.0,13982000000.0,16496000000.0,,763000000.0,,17259000000.0,3639000000.0,13620000000.0,14136000000.0,1.065,0.6107,0.2499,0.2615,0.2142,0.1828,21475000000.0,16496000000.0,0.9178,0.0347,1.0457,0.0382,1.0075,13620000000.0,516000000.0,14136000000.0,0.3254,0.3488,GOOG
2014-09-30 00:00:00,63605000000.0,25023000000.0,38582000000.0,8952000000.0,13104000000.0,16526000000.0,,747000000.0,,17273000000.0,3585000000.0,13688000000.0,12731000000.0,1.2195,0.6066,0.2598,0.2716,0.2002,0.1822,21274000000.0,16526000000.0,0.8867,-0.0666,0.9451,-0.0708,1.016,13688000000.0,-957000000.0,12731000000.0,0.3345,0.3341,GOOG
2014-06-30 00:00:00,60836000000.0,23737000000.0,37099000000.0,8118000000.0,12418000000.0,16563000000.0,,628000000.0,,17191000000.0,3264000000.0,13927000000.0,12962000000.0,1.4564,0.6098,0.2723,0.2826,0.2131,0.1776,20738000000.0,16563000000.0,0.9229,-0.0681,0.9654,-0.0716,1.0371,13927000000.0,-965000000.0,12962000000.0,0.3409,0.3343,GOOG
2014-03-31 00:00:00,57988000000.0,22818000000.0,35170000000.0,7646000000.0,11754000000.0,15770000000.0,,719000000.0,,16489000000.0,3207000000.0,13282000000.0,12839000000.0,1.6877,0.6065,0.272,0.2844,0.2214,0.1883,19896000000.0,15770000000.0,0.8974,-0.03,0.9599,-0.0326,0.9924,13282000000.0,-443000000.0,12839000000.0,0.3431,0.3348,GOOG
2013-12-31 00:00:00,55519000000.0,21993000000.0,33526000000.0,7137000000.0,10986000000.0,15403000000.0,,496000000.0,,15899000000.0,2739000000.0,13160000000.0,12733000000.0,1.937,0.6039,0.2774,0.2864,0.2293,0.2036,19342000000.0,15403000000.0,0.8929,-0.029,0.9564,-0.0321,0.9884,13160000000.0,-427000000.0,12733000000.0,0.3484,0.3361,GOOG
2013-09-30 00:00:00,50095000000.0,18495000000.0,31600000000.0,6429000000.0,9729000000.0,15442000000.0,,545000000.0,,15987000000.0,2850000000.0,13137000000.0,12430000000.0,1.8703,0.6308,0.3083,0.3191,0.2481,0.2389,19298000000.0,15442000000.0,0.9748,-0.0533,0.9373,-0.0548,0.9918,13137000000.0,-707000000.0,12430000000.0,0.3852,0.3611,GOOG
2013-06-30 00:00:00,49645000000.0,19041000000.0,30604000000.0,6487000000.0,9696000000.0,14421000000.0,,596000000.0,,15017000000.0,2885000000.0,12132000000.0,11636000000.0,1.7576,0.6165,0.2905,0.3025,0.2344,0.2479,18131000000.0,14421000000.0,0.9038,-0.038,0.8807,-0.039,0.9196,12132000000.0,-496000000.0,11636000000.0,0.3652,0.3427,GOOG
2013-03-31 00:00:00,48345000000.0,18523000000.0,29822000000.0,6259000000.0,9370000000.0,14193000000.0,,613000000.0,,14806000000.0,2615000000.0,12191000000.0,11193000000.0,1.6993,0.6169,0.2936,0.3063,0.2315,0.2625,17543000000.0,14193000000.0,0.9128,-0.075,0.8514,-0.0765,0.9281,12191000000.0,-998000000.0,11193000000.0,0.3629,0.3425,GOOG
2012-12-31 00:00:00,46039000000.0,17176000000.0,28863000000.0,6083000000.0,8946000000.0,13834000000.0,,635000000.0,,14469000000.0,2916000000.0,11553000000.0,10737000000.0,1.637,0.6269,0.3005,0.3143,0.2332,0.2899,16796000000.0,13834000000.0,0.8696,-0.0615,0.8204,-0.0625,0.8831,11553000000.0,-816000000.0,10737000000.0,0.3648,0.361,GOOG
