Date,Revenue,Cost of Revenue,Gross Profit,SG&A Expenses,Operating Income,Interest Expense (Operating),Non-operating Income/Expense,Non-operating Interest Expenses,EBT,Income Tax Provision,Income after Tax,Net Income Common,EPS (Basic),Gross Margin,EBIT Margin,EBT margin,Net Profit Margin,Free Cash Flow Margin,EBITDA,EBIT,"EPS (Diluted, from Cont. Ops)","EPS (Basic, Consolidated)","EPS (Basic, from Continuous Ops)",Income from Continuous Operations,Consolidated Net Income/Loss,EBITDA Margin,Operating Cash Flow Margin,Ticker
2022-09-30 00:00:00,14785000000.0,9189000000.0,5596000000.0,3508000000.0,2088000000.0,92000000.0,26000000.0,92000000.0,2022000000.0,505000000.0,1517000000.0,1444000000.0,28.13,0.3785,0.1412,0.1368,0.0977,0.0635,2295000000.0,2088000000.0,29.5413,29.7149,29.7149,1517000000.0,1515000000.0,0.1552,0.0802,GWW
2022-06-30 00:00:00,14215000000.0,8888000000.0,5327000000.0,3404000000.0,1923000000.0,89000000.0,23000000.0,89000000.0,1857000000.0,467000000.0,1390000000.0,1315000000.0,25.49,0.3747,0.1353,0.1306,0.0925,0.0499,2123000000.0,1923000000.0,26.9377,27.0952,27.0952,1390000000.0,1388000000.0,0.1493,0.068,GWW
2022-03-31 00:00:00,13585000000.0,8575000000.0,5010000000.0,3287000000.0,1723000000.0,89000000.0,3000000.0,89000000.0,1659000000.0,415000000.0,1244000000.0,1169000000.0,22.57,0.3688,0.1268,0.1221,0.0861,0.056,1917000000.0,1723000000.0,23.9835,24.1229,24.1229,1244000000.0,1242000000.0,0.1411,0.0726,GWW
2021-12-31 00:00:00,13022000000.0,8302000000.0,4720000000.0,3173000000.0,1547000000.0,87000000.0,-18000000.0,87000000.0,1485000000.0,371000000.0,1114000000.0,1041000000.0,19.96,0.3625,0.1188,0.114,0.0799,0.0546,1732000000.0,1547000000.0,21.3411,21.4644,21.4644,1114000000.0,1112000000.0,0.133,0.072,GWW
2021-09-30 00:00:00,12604000000.0,8110000000.0,4494000000.0,3089000000.0,1405000000.0,86000000.0,-40000000.0,86000000.0,1343000000.0,345000000.0,998000000.0,928000000.0,17.66,0.3566,0.1115,0.1066,0.0736,0.0661,1410000000.0,1405000000.0,18.9918,19.0853,19.0853,998000000.0,998000000.0,0.1119,0.0841,GWW
2021-06-30 00:00:00,12250000000.0,7932000000.0,4318000000.0,2971000000.0,1347000000.0,87000000.0,-64000000.0,87000000.0,1283000000.0,344000000.0,939000000.0,871000000.0,16.39,0.3525,0.11,0.1047,0.0711,0.0802,1349000000.0,1347000000.0,17.6952,17.7803,17.7803,939000000.0,939000000.0,0.1101,0.0988,GWW
2021-03-31 00:00:00,11880000000.0,7670000000.0,4210000000.0,2992000000.0,1218000000.0,93000000.0,-70000000.0,93000000.0,1148000000.0,323000000.0,825000000.0,760000000.0,14.19,0.3544,0.1025,0.0966,0.064,0.0832,1221000000.0,1218000000.0,15.4688,15.5363,15.5363,825000000.0,825000000.0,0.1028,0.0987,GWW
2020-12-31 00:00:00,11797000000.0,7559000000.0,4238000000.0,3219000000.0,1019000000.0,93000000.0,-72000000.0,93000000.0,947000000.0,192000000.0,755000000.0,695000000.0,12.88,0.3592,0.0864,0.0803,0.0589,0.0802,1201000000.0,1019000000.0,14.0596,14.1121,14.1121,755000000.0,755000000.0,0.1018,0.0952,GWW
2020-09-30 00:00:00,11703000000.0,7410000000.0,4293000000.0,3368000000.0,925000000.0,91000000.0,-67000000.0,91000000.0,858000000.0,171000000.0,687000000.0,630000000.0,11.63,0.3668,0.079,0.0733,0.0538,0.0745,1297000000.0,925000000.0,12.8108,12.8419,12.8419,687000000.0,687000000.0,0.1108,0.0905,GWW
2020-06-30 00:00:00,11632000000.0,7314000000.0,4318000000.0,3435000000.0,883000000.0,,-65000000.0,88000000.0,818000000.0,143000000.0,675000000.0,623000000.0,11.47,0.3712,0.0759,0.0703,0.0536,0.0754,1271000000.0,883000000.0,12.5466,12.576,12.576,675000000.0,675000000.0,0.1093,0.0918,GWW
2020-03-31 00:00:00,11688000000.0,7265000000.0,4423000000.0,3365000000.0,1058000000.0,,-58000000.0,81000000.0,1000000000.0,182000000.0,818000000.0,769000000.0,14.05,0.3784,0.0905,0.0856,0.0658,0.082,1452000000.0,1058000000.0,15.0541,15.1013,15.1013,818000000.0,818000000.0,0.1242,0.0992,GWW
2019-12-31 00:00:00,11486000000.0,7089000000.0,4397000000.0,3135000000.0,1262000000.0,,-53000000.0,79000000.0,1209000000.0,314000000.0,895000000.0,849000000.0,15.35,0.3828,0.1099,0.1053,0.0739,0.073,1491000000.0,1262000000.0,16.3023,16.362,16.362,895000000.0,895000000.0,0.1298,0.0907,GWW
2019-09-30 00:00:00,11402000000.0,7021000000.0,4381000000.0,3010000000.0,1371000000.0,,-53000000.0,72000000.0,1318000000.0,321000000.0,997000000.0,955000000.0,17.17,0.3842,0.1202,0.1156,0.0838,0.0694,1607000000.0,1371000000.0,17.9654,18.0721,18.0721,997000000.0,997000000.0,0.1409,0.0951,GWW
2019-06-30 00:00:00,11286000000.0,6925000000.0,4361000000.0,3139000000.0,1222000000.0,,-55000000.0,74000000.0,1167000000.0,299000000.0,868000000.0,826000000.0,14.74,0.3864,0.1083,0.1034,0.0732,0.0744,1464000000.0,1222000000.0,15.5046,15.6031,15.6031,868000000.0,868000000.0,0.1297,0.0985,GWW
2019-03-31 00:00:00,11254000000.0,6903000000.0,4351000000.0,3165000000.0,1186000000.0,,-61000000.0,76000000.0,1125000000.0,281000000.0,844000000.0,803000000.0,14.24,0.3866,0.1054,0.1,0.0714,0.0682,1436000000.0,1186000000.0,14.9802,15.0865,15.0865,844000000.0,844000000.0,0.1276,0.0921,GWW
2018-12-31 00:00:00,11221000000.0,6873000000.0,4348000000.0,3190000000.0,1158000000.0,,-77000000.0,82000000.0,1081000000.0,258000000.0,823000000.0,782000000.0,13.83,0.3875,0.1032,0.0963,0.0697,0.0729,1415000000.0,1158000000.0,14.5663,14.6702,14.6702,823000000.0,823000000.0,0.1261,0.0942,GWW
2018-09-30 00:00:00,11090603000.0,6786931000.0,4303672000.0,3199991100.0,1103680700.0,,-93548000.0,91029000.0,1010133000.0,243761000.0,766372000.0,727860000.0,12.77,0.388,0.0995,0.0911,0.0656,0.0856,1365342700.0,1103680900.0,13.5309,13.6163,13.6163,766372000.0,766372000.0,0.1231,0.0973,GWW
2018-06-30 00:00:00,10895602000.0,6653750000.0,4241852000.0,3049433100.0,1192418700.0,,-103288000.0,92819000.0,1089131000.0,266943000.0,822188000.0,784457000.0,13.73,0.3893,0.1094,0.1,0.072,0.0885,1456223700.0,1192418900.0,14.476,14.5553,14.5553,822188000.0,822188000.0,0.1337,0.0991,GWW
2018-03-31 00:00:00,10649871000.0,6479063000.0,4170808000.0,3093309100.0,1077498800.0,,-105172000.0,92287000.0,972327000.0,291180000.0,681147000.0,644734000.0,11.22,0.3916,0.1012,0.0913,0.0605,0.0858,1343249800.0,1077499000.0,11.9257,11.9791,11.9791,681147000.0,681147000.0,0.1261,0.0961,GWW
2017-12-31 00:00:00,10425000000.0,6327000000.0,4098000000.0,3063000100.0,1034999800.0,,-99000000.0,86000000.0,936000000.0,313000000.0,623000000.0,586000000.0,10.08,0.3931,0.0993,0.0898,0.0562,0.0902,1298999800.0,1035000000.0,10.7413,10.7972,10.7972,623000000.0,623000000.0,0.1246,0.1014,GWW
2017-09-30 00:00:00,10262903000.0,6196439000.0,4066463900.0,3099413000.0,967051300.0,,-93933000.0,92416000.0,873118000.0,343988000.0,529130000.0,490257000.0,8.45,0.3962,0.0942,0.0851,0.0478,0.0888,1232994300.0,967051000.0,9.0898,9.1408,9.1408,529130000.0,529130000.0,0.1201,0.1029,GWW
2017-06-30 00:00:00,10223192000.0,6134156000.0,4089035900.0,3077136000.0,1011900500.0,,-95595000.0,86650000.0,916305000.0,364582000.0,551723000.0,513901000.0,8.72,0.4,0.099,0.0896,0.0503,0.0807,1275599400.0,1011900200.0,9.3215,9.3832,9.3832,551723000.0,551723000.0,0.1248,0.103,GWW
2017-03-31 00:00:00,10171591000.0,6082452000.0,4089138900.0,3000730000.0,1088409300.0,,-96320000.0,80988000.0,992089000.0,367880000.0,624209000.0,589300000.0,9.85,0.402,0.107,0.0975,0.0579,0.0809,1343364200.0,1088409000.0,10.4138,10.4865,10.4865,624209000.0,624209000.0,0.1321,0.1027,GWW
2016-12-31 00:00:00,10137000000.0,6022000000.0,4114999900.0,3002000000.0,1113000300.0,,-94000000.0,76000000.0,1019000000.0,386000000.0,633000000.0,601000000.0,9.9,0.4059,0.1098,0.1005,0.0593,0.0784,1362000200.0,1113000000.0,10.4113,10.4801,10.4801,633000000.0,633000000.0,0.1344,0.101,GWW
2016-09-30 00:00:00,10144752000.0,6017514000.0,4127238000.0,2930342900.0,1196894800.0,,-88213000.0,62407000.0,1108681900.0,395013000.0,713668900.0,693318000.0,11.2,0.4068,0.118,0.1093,0.0683,0.0695,1438056700.0,1196894800.0,11.6463,11.7251,11.7251,713668900.0,713669000.0,0.1418,0.0975,GWW
2016-06-30 00:00:00,10081364000.0,5931999000.0,4149365000.0,2934327900.0,1215036600.0,,-80093000.0,58282000.0,1134943900.0,418062000.0,716881900.0,699464000.0,11.07,0.4116,0.1205,0.1126,0.0694,0.0743,1449562600.0,1215036600.0,11.4566,11.5405,11.5405,716881900.0,716882000.0,0.1438,0.1002,GWW
2016-03-31 00:00:00,10040261000.0,5857523000.0,4182738000.0,2916572900.0,1266164500.0,,-65515000.0,45660000.0,1200649900.0,437978000.0,762671900.0,745176000.0,11.54,0.4166,0.1261,0.1196,0.0742,0.0733,1498014500.0,1266164500.0,11.8752,11.9728,11.9728,762671900.0,762672000.0,0.1492,0.1036,GWW
2015-12-31 00:00:00,9973384000.0,5741956000.0,4231428000.0,2931107900.0,1300319300.0,,-49615000.0,33571000.0,1250704900.0,465531000.0,785173900.0,768996000.0,11.65,0.4243,0.1304,0.1254,0.0771,0.0679,1528286300.0,1300319300.0,11.9391,12.0505,12.0505,785173900.0,785174000.0,0.1532,0.1039,GWW
2015-09-30 00:00:00,10006085000.0,5722230000.0,4283856000.0,2968647900.0,1315207200.0,,-37722000.0,21815000.0,1277485000.0,490368000.0,787117000.0,762437100.0,11.5,0.4281,0.1314,0.1277,0.0762,0.0662,1539982300.0,1315207000.0,11.7138,11.8345,11.8345,787117000.0,787117000.0,0.1539,0.1032,GWW
2015-06-30 00:00:00,10035448000.0,5710688000.0,4324761000.0,2964768900.0,1359991100.0,,-19318000.0,10293000.0,1340673000.0,517128000.0,823545000.0,799759100.0,11.89,0.4309,0.1355,0.1336,0.0797,0.0628,1581458300.0,1359990900.0,12.0743,12.2089,12.2089,823545000.0,823545000.0,0.1576,0.0997,GWW
2015-03-31 00:00:00,10018987000.0,5686973000.0,4332015000.0,2987988900.0,1344025300.0,,-13613000.0,8866000.0,1330412000.0,523025000.0,807387000.0,787286100.0,11.58,0.4324,0.1341,0.1328,0.0786,0.056,1558986500.0,1344025100.0,11.7436,11.8839,11.8839,807387000.0,807387000.0,0.1556,0.0947,GWW
2014-12-31 00:00:00,9964953000.0,5650711000.0,4314243000.0,2967124900.0,1347117400.0,,-12731000.0,10093000.0,1334386000.0,522090000.0,812296000.0,792205100.0,11.58,0.4329,0.1352,0.1339,0.0795,0.0601,1555443600.0,1347117200.0,11.7374,11.8872,11.8872,812296000.0,812296000.0,0.1561,0.0963,GWW
2014-09-30 00:00:00,9831225000.0,5565388000.0,4265838000.0,2928473000.0,1337364500.0,,-10398000.0,11121000.0,1326967000.0,506391000.0,820576000.0,799067900.0,11.65,0.4339,0.136,0.135,0.0813,0.0587,1539564600.0,1337364600.0,11.8068,11.9647,11.9647,820576000.0,820576000.0,0.1566,0.0925,GWW
2014-06-30 00:00:00,9667492000.0,5453073000.0,4214420000.0,2915853000.0,1298566700.0,,-10374000.0,12478000.0,1288193000.0,487592000.0,800601000.0,779146900.0,11.31,0.4359,0.1343,0.1332,0.0806,0.0634,1492162700.0,1298566800.0,11.455,11.6198,11.6198,800601000.0,800601000.0,0.1543,0.096,GWW
2014-03-31 00:00:00,9542949000.0,5362232000.0,4180718000.0,2872830000.0,1307887700.0,,-10600000.0,12922000.0,1297288000.0,485011000.0,812277000.0,790891900.0,11.42,0.4381,0.1371,0.1359,0.0829,0.0742,1495331700.0,1307887800.0,11.5577,11.7343,11.7343,812277000.0,812277000.0,0.1567,0.1024,GWW
2013-12-31 00:00:00,9437757000.0,5301275000.0,4136483000.0,2839629000.0,1296853900.0,,-9255000.0,13225000.0,1287599000.0,479850000.0,807749000.0,785383900.0,11.3,0.4383,0.1374,0.1364,0.0832,0.0785,1477466900.0,1296854000.0,11.445,11.6297,11.6297,807749000.0,807749000.0,0.1565,0.1045,GWW
2013-09-30 00:00:00,9286646000.0,5187034000.0,4099611400.0,2801080900.0,1298529900.0,,-11398000.0,15461000.0,1287132000.0,480291000.0,806840900.0,787198000.0,11.27,0.4415,0.1398,0.1386,0.0848,0.0802,1470404900.0,1298530100.0,11.4113,11.6018,11.6018,806840900.0,806841000.0,0.1583,0.1056,GWW
2013-06-30 00:00:00,9169321000.0,5127115000.0,4042205500.0,2836063900.0,1206141000.0,,-12150000.0,16478000.0,1193991000.0,442421000.0,751569900.0,732023000.0,10.47,0.4408,0.1315,0.1302,0.0798,0.0802,1372561000.0,1206141200.0,10.6148,10.8008,10.8008,751569900.0,751570000.0,0.1497,0.1052,GWW
2013-03-31 00:00:00,9037035000.0,5063470000.0,3973564400.0,2803494900.0,1170068900.0,,-12869000.0,16187000.0,1157200000.0,433282000.0,723917900.0,701568000.0,10.07,0.4397,0.1295,0.1281,0.0776,0.0712,1331383900.0,1170069100.0,10.2049,10.3931,10.3931,723917900.0,723918000.0,0.1473,0.0981,GWW
2012-12-31 00:00:00,8950045000.0,5033884000.0,3916160400.0,2785034900.0,1131124900.0,,-13336000.0,16078000.0,1117789000.0,418940000.0,698848900.0,677536000.0,9.71,0.4376,0.1264,0.1249,0.0757,0.0642,1290173900.0,1131125100.0,9.8178,10.0105,10.0105,698848900.0,698849000.0,0.1442,0.0912,GWW
