Date,Revenue,Cost of Revenue,Gross Profit,SG&A Expenses,Operating Income,Interest Expense (Operating),Non-operating Income/Expense,Non-operating Interest Expenses,EBT,Income Tax Provision,Income after Tax,Net Income Common,EPS (Basic),Gross Margin,EBIT Margin,EBT margin,Net Profit Margin,Free Cash Flow Margin,EBITDA,EBIT,"EPS (Diluted, from Cont. Ops)","EPS (Diluted, from Disc. Ops)","EPS (Basic, Consolidated)","EPS (Basic, from Discontinued Ops)","EPS (Basic, from Continuous Ops)",Income from Continuous Operations,Income from Discontinued Operations,Consolidated Net Income/Loss,EBITDA Margin,Operating Cash Flow Margin,Ticker
2022-09-30 00:00:00,18992000000.0,16108000000.0,2884000000.0,237000000.0,2281000000.0,504000000.0,-102000000.0,95000000.0,1686000000.0,-71000000.0,1757000000.0,1740000000.0,1.93,0.1519,0.1201,0.0888,0.0916,0.0554,3216000000.0,2281000000.0,1.9509,,1.9542,,1.9542,1757000000.0,,1757000000.0,0.1693,0.0927,HAL
2022-06-30 00:00:00,17495000000.0,15012000000.0,2483000000.0,224000000.0,1881000000.0,511000000.0,-56000000.0,79000000.0,1297000000.0,-151000000.0,1448000000.0,1432000000.0,1.59,0.1419,0.1075,0.0741,0.0819,0.056,2818000000.0,1881000000.0,1.6161,,1.6181,,1.6181,1448000000.0,,1448000000.0,0.1611,0.0929,HAL
2022-03-31 00:00:00,16128000000.0,13945000000.0,2183000000.0,208000000.0,1941000000.0,520000000.0,-153000000.0,175000000.0,1361000000.0,-200000000.0,1561000000.0,1550000000.0,1.73,0.1354,0.1203,0.0844,0.0961,0.0638,2863000000.0,1941000000.0,1.7458,,1.7471,,1.7471,1561000000.0,,1561000000.0,0.1775,0.1028,HAL
2021-12-31 00:00:00,15295000000.0,13279000000.0,2016000000.0,204000000.0,1800000000.0,529000000.0,-312000000.0,281000000.0,1252000000.0,-216000000.0,1468000000.0,1457000000.0,1.63,0.1318,0.1177,0.0819,0.0953,0.0895,2716000000.0,1800000000.0,1.6458,,1.6458,,1.6458,1468000000.0,,1468000000.0,0.1776,0.1249,HAL
2021-09-30 00:00:00,14255000000.0,12454000000.0,1801000000.0,189000000.0,1154000000.0,535000000.0,-432000000.0,385000000.0,594000000.0,180000000.0,414000000.0,398000000.0,0.44,0.1263,0.081,0.0417,0.0279,0.0981,2068000000.0,1154000000.0,0.4743,,0.4743,,0.4743,414000000.0,,414000000.0,0.1451,0.131,HAL
2021-06-30 00:00:00,13370000000.0,11757000000.0,1613000000.0,184000000.0,850000000.0,537000000.0,-573000000.0,492000000.0,277000000.0,122000000.0,155000000.0,145000000.0,0.16,0.1206,0.0636,0.0207,0.0108,0.0951,1758000000.0,850000000.0,0.1843,,0.1843,,0.1843,155000000.0,,155000000.0,0.1315,0.1249,HAL
2021-03-31 00:00:00,12859000000.0,11452000000.0,1407000000.0,176000000.0,-1495000000.0,534000000.0,-606000000.0,496000000.0,-2101000000.0,-345000000.0,-1756000000.0,-1758000000.0,-2.01,0.1094,-0.1163,-0.1634,-0.1367,0.1178,-559000000.0,-1495000000.0,-1.9909,,-1.9909,,-1.9909,-1756000000.0,,-1756000000.0,-0.0435,0.1446,HAL
2020-12-31 00:00:00,14445000000.0,12900000000.0,1545000000.0,182000000.0,-2436000000.0,543000000.0,-784000000.0,505000000.0,-3220000000.0,-278000000.0,-2942000000.0,-2945000000.0,-3.36,0.107,-0.1686,-0.2229,-0.2039,0.0996,-1378000000.0,-2436000000.0,-3.3393,,-3.3393,,-3.3393,-2942000000.0,,-2942000000.0,-0.0954,0.1302,HAL
2020-09-30 00:00:00,16399000000.0,14643000000.0,1756000000.0,197000000.0,-3992000000.0,554000000.0,-825000000.0,521000000.0,-4817000000.0,-448000000.0,-4369000000.0,-4363000000.0,-4.97,0.1071,-0.2434,-0.2937,-0.2661,0.1101,-2791000000.0,-3992000000.0,-4.9846,,-4.9847,,-4.9847,-4369000000.0,,-4369000000.0,-0.1702,0.147,HAL
2020-06-30 00:00:00,18974000000.0,16945000000.0,2029000000.0,209000000.0,-3598000000.0,,-846000000.0,540000000.0,-4444000000.0,-390000000.0,-4054000000.0,-4051000000.0,-4.61,0.1069,-0.1896,-0.2342,-0.2135,0.1078,-2210000000.0,-3598000000.0,-4.6252,,-4.6253,,-4.6253,-4054000000.0,,-4054000000.0,-0.1165,0.1508,HAL
2020-03-31 00:00:00,21708000000.0,19352000000.0,2356000000.0,222000000.0,-1384000000.0,,-826000000.0,560000000.0,-2210000000.0,86000000.0,-2296000000.0,-2300000000.0,-2.61,0.1085,-0.0638,-0.1018,-0.106,0.0748,173000000.0,-1384000000.0,-2.6204,,-2.6204,,-2.6204,-2296000000.0,,-2296000000.0,0.008,0.125,HAL
2019-12-31 00:00:00,22408000000.0,20123000000.0,2285000000.0,227000000.0,-448000000.0,,-674000000.0,569000000.0,-1122000000.0,7000000.0,-1129000000.0,-1131000000.0,-1.28,0.102,-0.02,-0.0501,-0.0505,0.0493,1177000000.0,-448000000.0,-1.2903,,-1.2903,,-1.2903,-1129000000.0,,-1129000000.0,0.0525,0.1091,HAL
2019-09-30 00:00:00,23153000000.0,20806000000.0,2347000000.0,227000000.0,1812000000.0,,-639000000.0,565000000.0,1173000000.0,-20000000.0,1193000000.0,1186000000.0,1.36,0.1014,0.0783,0.0507,0.0512,0.0256,3487000000.0,1812000000.0,1.3643,,1.366,,1.366,1193000000.0,,1193000000.0,0.1506,0.092,HAL
2019-06-30 00:00:00,23775000000.0,21229000000.0,2546000000.0,246000000.0,1992000000.0,,-657000000.0,564000000.0,1335000000.0,4000000.0,1331000000.0,1326000000.0,1.52,0.1071,0.0838,0.0562,0.0558,0.0175,3650000000.0,1992000000.0,1.5207,,1.523,,1.523,1331000000.0,,1331000000.0,0.1535,0.0856,HAL
2019-03-31 00:00:00,23992000000.0,21198000000.0,2794000000.0,255000000.0,2478000000.0,,-661000000.0,557000000.0,1817000000.0,55000000.0,1762000000.0,1762000000.0,2.01,0.1165,0.1033,0.0757,0.0734,0.0331,4106000000.0,2478000000.0,2.01,,2.0141,,2.0141,1762000000.0,,1762000000.0,0.1711,0.1059,HAL
2018-12-31 00:00:00,23995000000.0,21009000000.0,2986000000.0,254000000.0,2467000000.0,,-653000000.0,554000000.0,1814000000.0,157000000.0,1657000000.0,1656000000.0,1.89,0.1244,0.1028,0.0756,0.069,0.0562,4073000000.0,2467000000.0,1.8894,,1.8937,,1.8937,1657000000.0,,1657000000.0,0.1697,0.1316,HAL
2018-09-30 00:00:00,23999000000.0,20841000000.0,3158000000.0,266000000.0,2242000000.0,,-642000000.0,532000000.0,1600000000.0,1417000000.0,183000000.0,168000000.0,0.19,0.1316,0.0934,0.0667,0.007,0.067,3819000000.0,2242000000.0,0.2063,,0.1806,,0.2085,183000000.0,,164000000.0,0.1591,0.1382,HAL
2018-06-30 00:00:00,23271000000.0,20204000000.0,3067000000.0,249000000.0,2168000000.0,,-606000000.0,507000000.0,1562000000.0,1452000000.0,110000000.0,98000000.0,0.11,0.1318,0.0932,0.0671,0.0042,0.086,3739000000.0,2168000000.0,0.1255,,0.0997,,0.1276,110000000.0,,91000000.0,0.1607,0.1566,HAL
2018-03-31 00:00:00,22081000000.0,19385000000.0,2696000000.0,259000000.0,1525000000.0,,-597000000.0,491000000.0,928000000.0,1298000000.0,-370000000.0,-385000000.0,-0.44,0.1221,0.0691,0.042,-0.0174,0.072,3092000000.0,1525000000.0,-0.4197,,-0.4473,,-0.4194,-370000000.0,,-389000000.0,0.14,0.1374,HAL
2017-12-31 00:00:00,20620000000.0,18343000000.0,2277000000.0,256000000.0,1374000000.0,,-692000000.0,593000000.0,682000000.0,1131000000.0,-449000000.0,-463000000.0,-0.53,0.1104,0.0666,0.0331,-0.0225,0.0608,2930000000.0,1374000000.0,-0.5101,,-0.5379,,-0.51,-449000000.0,,-468000000.0,0.1421,0.1197,HAL
2017-09-30 00:00:00,18701000000.0,16940000000.0,1761000000.0,279000000.0,1052000000.0,,-789000000.0,615000000.0,263000000.0,59000000.0,204000000.0,212000000.0,0.24,0.0942,0.0563,0.0141,0.0113,0.0837,2601000000.0,1052000000.0,0.2532,,0.2458,,0.2538,204000000.0,,204000000.0,0.1391,0.1345,HAL
2017-06-30 00:00:00,17090000000.0,15855000000.0,1235000000.0,267000000.0,538000000.0,,-823000000.0,641000000.0,-285000000.0,-135000000.0,-150000000.0,-147000000.0,-0.17,0.0723,0.0315,-0.0167,-0.0086,0.099,2068000000.0,538000000.0,-0.1522,,-0.1601,,-0.1521,-150000000.0,,-150000000.0,0.121,0.1434,HAL
2017-03-31 00:00:00,15968000000.0,15113000000.0,855000000.0,233000000.0,-3488000000.0,,-903000000.0,716000000.0,-4391000000.0,-1008000000.0,-3383000000.0,-3383000000.0,-3.93,0.0535,-0.2184,-0.275,-0.2119,-0.1342,-1948000000.0,-3488000000.0,-3.911,,-3.919,,-3.911,-3383000000.0,,-3383000000.0,-0.122,-0.0956,HAL
2016-12-31 00:00:00,15887000000.0,15017000000.0,870000000.0,226000000.0,-6770000000.0,,-855000000.0,639000000.0,-7625000000.0,-1858000000.0,-5767000000.0,-5763000000.0,-6.7,0.0548,-0.4261,-0.48,-0.3627,-0.1435,-5267000000.0,-6770000000.0,-6.69,-0.0123,-6.7003,-0.0123,-6.69,-5767000000.0,,-5769000000.0,-0.3315,-0.1072,HAL
2016-09-30 00:00:00,16948000000.0,15875000000.0,1073000000.0,186000000.0,-6745000000.0,,-798000000.0,638000000.0,-7543000000.0,-1903000000.0,-5640000000.0,-5642000000.0,-6.56,0.0633,-0.398,-0.4451,-0.3329,-0.1609,-5226000000.0,-6745000000.0,-6.5645,,-6.5648,,-6.5645,-5640000000.0,,-5642000000.0,-0.3084,-0.1108,HAL
2016-06-30 00:00:00,18697000000.0,17252000000.0,1445000000.0,180000000.0,-6830000000.0,,-751000000.0,596000000.0,-7581000000.0,-1881000000.0,-5700000000.0,-5702000000.0,-6.63,0.0773,-0.3653,-0.4055,-0.305,-0.2193,-5269000000.0,-6830000000.0,-6.6326,,-6.6349,,-6.6326,-5700000000.0,,-5702000000.0,-0.2818,-0.1547,HAL
2016-03-31 00:00:00,20781000000.0,18753000000.0,2028000000.0,182000000.0,-2696000000.0,,-653000000.0,506000000.0,-3349000000.0,-908000000.0,-2441000000.0,-2440000000.0,-2.84,0.0976,-0.1297,-0.1612,-0.1174,0.0179,-1075000000.0,-2696000000.0,-2.8459,-0.0088,-2.846,-0.0099,-2.8459,-2441000000.0,-6000000.0,-2444000000.0,-0.0517,0.0925,HAL
2015-12-31 00:00:00,23633000000.0,21113000000.0,2520000000.0,200000000.0,-165000000.0,,-771000000.0,447000000.0,-936000000.0,-274000000.0,-662000000.0,-671000000.0,-0.79,0.1066,-0.007,-0.0396,-0.0284,0.0377,1670000000.0,-165000000.0,-0.78,,-0.7819,,-0.78,-662000000.0,,-667000000.0,0.0707,0.123,HAL
2015-09-30 00:00:00,27321000000.0,23827000000.0,3494000000.0,201000000.0,1048000000.0,,-651000000.0,411000000.0,397000000.0,129000000.0,268000000.0,258000000.0,0.3,0.1279,0.0384,0.0145,0.0094,0.0327,3038000000.0,1048000000.0,0.31,,0.312,,0.31,268000000.0,,264000000.0,0.1112,0.116,HAL
2015-06-30 00:00:00,30440000000.0,25781000000.0,4659000000.0,238000000.0,2639000000.0,,-602000000.0,408000000.0,2037000000.0,577000000.0,1460000000.0,1515000000.0,1.78,0.1531,0.0867,0.0669,0.0498,0.0418,4747000000.0,2639000000.0,1.7,0.0735,1.795,0.0724,1.71,1460000000.0,62000000.0,1522000000.0,0.1559,0.1308,HAL
2015-03-31 00:00:00,32572000000.0,27316000000.0,5256000000.0,284000000.0,3579000000.0,,-591000000.0,396000000.0,2988000000.0,805000000.0,2183000000.0,2235000000.0,2.64,0.1614,0.1099,0.0917,0.0686,0.0297,5755000000.0,3579000000.0,2.55,0.0712,2.6489,0.07,2.57,2183000000.0,61000000.0,2244000000.0,0.1767,0.1203,HAL
2014-12-31 00:00:00,32870000000.0,27334000000.0,5536000000.0,293000000.0,5097000000.0,,-385000000.0,383000000.0,4712000000.0,1275000000.0,3437000000.0,3500000000.0,4.13,0.1684,0.1551,0.1434,0.1065,0.034,7223000000.0,5097000000.0,4.03,0.08,4.1286,0.08,4.05,3437000000.0,64000000.0,3501000000.0,0.2197,0.1236,HAL
2014-09-30 00:00:00,31739000000.0,26465000000.0,5274000000.0,332000000.0,4942000000.0,,-430000000.0,381000000.0,4512000000.0,1207000000.0,3305000000.0,3392000000.0,4.0,0.1662,0.1557,0.1422,0.1069,0.0601,7008000000.0,4942000000.0,3.83,0.1155,3.9613,0.0987,3.87,3305000000.0,86000000.0,3391000000.0,0.2208,0.1516,HAL
2014-06-30 00:00:00,30510000000.0,25756000000.0,4754000000.0,338000000.0,4416000000.0,,-449000000.0,376000000.0,3967000000.0,1092000000.0,2875000000.0,2895000000.0,3.37,0.1558,0.1447,0.13,0.0949,0.078,6428000000.0,4416000000.0,3.29,0.0344,3.3358,0.0176,3.32,2875000000.0,19000000.0,2894000000.0,0.2107,0.1656,HAL
2014-03-31 00:00:00,29776000000.0,25234000000.0,4542000000.0,336000000.0,4206000000.0,,-413000000.0,353000000.0,3793000000.0,1049000000.0,2744000000.0,2765000000.0,3.18,0.1525,0.1413,0.1274,0.0929,0.0806,6168000000.0,4206000000.0,3.07,0.0389,3.1202,0.03,3.09,2744000000.0,23000000.0,2767000000.0,0.2071,0.1697,HAL
2013-12-31 00:00:00,29402000000.0,24931000000.0,4471000000.0,333000000.0,3138000000.0,,-374000000.0,331000000.0,2764000000.0,648000000.0,2116000000.0,2125000000.0,2.43,0.1521,0.1067,0.094,0.0723,0.0597,5038000000.0,3138000000.0,2.33,0.0301,2.3774,0.02,2.35,2116000000.0,19000000.0,2135000000.0,0.1713,0.1512,HAL
2013-09-30 00:00:00,29053000000.0,24766000000.0,4287000000.0,312000000.0,2975000000.0,,-352000000.0,306000000.0,2623000000.0,687000000.0,1936000000.0,2001000000.0,2.22,0.1476,0.1024,0.0903,0.0689,0.0538,4809000000.0,2975000000.0,2.11,0.0711,2.202,0.0989,2.09,1936000000.0,76000000.0,2012000000.0,0.1655,0.1477,HAL
2013-06-30 00:00:00,28692000000.0,24572000000.0,4120000000.0,299000000.0,2821000000.0,,-326000000.0,286000000.0,2495000000.0,658000000.0,1837000000.0,1897000000.0,2.08,0.1436,0.0983,0.087,0.0661,0.0374,4580000000.0,2821000000.0,1.97,0.0722,2.0574,0.09,1.96,1837000000.0,71000000.0,1908000000.0,0.1596,0.1391,HAL
2013-03-31 00:00:00,28609000000.0,24292000000.0,4317000000.0,279000000.0,3038000000.0,,-341000000.0,295000000.0,2697000000.0,759000000.0,1938000000.0,1990000000.0,2.15,0.1509,0.1062,0.0943,0.0696,0.0068,4729000000.0,3038000000.0,2.08,0.06,2.1567,0.07,2.08,1938000000.0,61000000.0,1999000000.0,0.1653,0.1143,HAL
2012-12-31 00:00:00,28503000000.0,23769000000.0,4734000000.0,275000000.0,4159000000.0,,-337000000.0,298000000.0,3822000000.0,1235000000.0,2587000000.0,2635000000.0,2.85,0.1661,0.1459,0.1341,0.0924,0.0169,5787000000.0,4159000000.0,2.78,0.06,2.8565,0.07,2.78,2587000000.0,58000000.0,2645000000.0,0.203,0.1282,HAL
