Date,Revenue,Cost of Revenue,Gross Profit,R&D Expenses,SG&A Expenses,Operating Income,Interest Expense (Operating),Non-operating Income/Expense,Non-operating Interest Expenses,EBT,Income Tax Provision,Income after Tax,Net Income Common,EPS (Basic),Gross Margin,EBIT Margin,EBT margin,Net Profit Margin,Free Cash Flow Margin,EBITDA,EBIT,"EPS (Diluted, from Cont. Ops)","EPS (Diluted, from Disc. Ops)","EPS (Basic, Consolidated)","EPS (Basic, from Discontinued Ops)","EPS (Basic, from Continuous Ops)",Income from Continuous Operations,Income from Discontinued Operations,Consolidated Net Income/Loss,EBITDA Margin,Operating Cash Flow Margin,Ticker
2022-09-30 00:00:00,10781000000.0,6572000000.0,4209000000.0,179000000.0,5297000000.0,3730000000.0,488000000.0,9000000.0,490000000.0,3240000000.0,1019000000.0,2221000000.0,1864000000.0,6.01,0.3904,0.346,0.3005,0.1729,0.1093,5406000000.0,3730000000.0,7.1605,,7.1933,,7.1933,2221000000.0,,2221000000.0,0.5014,0.3331,HES
2022-06-30 00:00:00,9647000000.0,5868000000.0,3779000000.0,157000000.0,3812000000.0,3170000000.0,489000000.0,-231000000.0,490000000.0,2680000000.0,880000000.0,1800000000.0,1464000000.0,4.71,0.3917,0.3286,0.2778,0.1518,0.0839,4889000000.0,3170000000.0,5.7957,,5.8237,,5.8237,1800000000.0,,1800000000.0,0.5068,0.2972,HES
2022-03-31 00:00:00,8127000000.0,5290000000.0,3945000000.0,172000000.0,3216000000.0,2220000000.0,487000000.0,-204000000.0,487000000.0,1733000000.0,674000000.0,1059000000.0,724000000.0,2.32,0.4854,0.2732,0.2132,0.0891,0.0844,3799000000.0,2220000000.0,3.4128,,3.4314,,3.4314,1059000000.0,,1059000000.0,0.4675,0.2637,HES
2021-12-31 00:00:00,7641000000.0,5105000000.0,4889000000.0,162000000.0,2964000000.0,1971000000.0,478000000.0,-281000000.0,481000000.0,1490000000.0,600000000.0,890000000.0,559000000.0,1.8,0.6398,0.258,0.195,0.0732,0.2055,3569000000.0,1971000000.0,2.8775,,2.8954,,2.8954,890000000.0,,890000000.0,0.4671,0.3782,HES
2021-09-30 00:00:00,6757000000.0,4799000000.0,5480000000.0,177000000.0,2513000000.0,1445000000.0,489000000.0,-362000000.0,478000000.0,967000000.0,460000000.0,507000000.0,197000000.0,0.63,0.811,0.2139,0.1431,0.0292,0.2625,3080000000.0,1445000000.0,1.6618,,1.6725,,1.6725,507000000.0,,507000000.0,0.4558,0.3666,HES
2021-06-30 00:00:00,6110000000.0,4664000000.0,6110000000.0,212000000.0,3084000000.0,932000000.0,482000000.0,-471000000.0,471000000.0,461000000.0,322000000.0,139000000.0,-161000000.0,-0.54,1.0,0.1525,0.0755,-0.0264,0.2025,2717000000.0,932000000.0,0.4648,,0.472,,0.472,139000000.0,,139000000.0,0.4447,0.327,HES
2021-03-31 00:00:00,5354000000.0,4456000000.0,5354000000.0,195000000.0,2774000000.0,526000000.0,482000000.0,-472000000.0,472000000.0,54000000.0,191000000.0,-137000000.0,-408000000.0,-1.35,1.0,0.0982,0.0101,-0.0762,0.0388,2435000000.0,526000000.0,-0.4398,,-0.4326,,-0.4326,-137000000.0,,-137000000.0,0.4548,0.2762,HES
2020-12-31 00:00:00,4804000000.0,4652000000.0,4804000000.0,351000000.0,2685000000.0,-2382000000.0,472000000.0,-468000000.0,468000000.0,-2850000000.0,-11000000.0,-2839000000.0,-3093000000.0,-10.17,1.0,-0.4958,-0.5933,-0.6438,-0.0772,-308000000.0,-2382000000.0,-9.3143,,-9.3143,,-9.3143,-2839000000.0,,-2839000000.0,-0.0641,0.2775,HES
2020-09-30 00:00:00,5086000000.0,5017000000.0,5086000000.0,397000000.0,3035000000.0,-2514000000.0,438000000.0,-445000000.0,445000000.0,-2959000000.0,36000000.0,-2995000000.0,-3218000000.0,-10.58,1.0,-0.4943,-0.5818,-0.6327,-0.2957,-340000000.0,-2514000000.0,-9.856,,-9.8579,,-9.8579,-2995000000.0,,-2995000000.0,-0.0669,0.2228,HES
2020-06-30 00:00:00,5425000000.0,4097000000.0,5425000000.0,376000000.0,3269000000.0,-2414000000.0,,-417000000.0,417000000.0,-2831000000.0,147000000.0,-2978000000.0,-3187000000.0,-10.46,1.0,-0.445,-0.5218,-0.5875,-0.2728,-214000000.0,-2414000000.0,-9.8048,,-9.8067,,-9.8067,-2978000000.0,,-2978000000.0,-0.0394,0.2654,HES
2020-03-31 00:00:00,6280000000.0,3474000000.0,6280000000.0,388000000.0,3711000000.0,-1998000000.0,,-395000000.0,395000000.0,-2393000000.0,288000000.0,-2681000000.0,-2873000000.0,-9.43,1.0,-0.3182,-0.3811,-0.4575,-0.176,187000000.0,-1998000000.0,-8.83,,-8.8319,,-8.8319,-2681000000.0,,-2681000000.0,0.0298,0.2944,HES
2019-12-31 00:00:00,6510000000.0,2222000000.0,6510000000.0,233000000.0,3686000000.0,601000000.0,,-380000000.0,380000000.0,221000000.0,461000000.0,-240000000.0,-412000000.0,-1.34,1.0,0.0923,0.0339,-0.0633,-0.179,2723000000.0,601000000.0,-0.7968,,-0.7968,,-0.7968,-240000000.0,,-240000000.0,0.4183,0.2522,HES
2019-09-30 00:00:00,6493000000.0,,6493000000.0,218000000.0,3476000000.0,730000000.0,,-384000000.0,384000000.0,346000000.0,369000000.0,-23000000.0,-206000000.0,-0.66,1.0,0.1124,0.0533,-0.0317,-0.063,2799000000.0,730000000.0,-0.0794,,-0.0775,,-0.0775,-23000000.0,,-23000000.0,0.4311,0.3445,HES
2019-06-30 00:00:00,6806000000.0,,6806000000.0,337000000.0,3542000000.0,913000000.0,,-393000000.0,393000000.0,520000000.0,374000000.0,146000000.0,-47000000.0,0.16,1.0,0.1341,0.0764,-0.0069,0.0461,2927000000.0,913000000.0,0.4796,,0.4815,,0.4815,146000000.0,,146000000.0,0.4301,0.3257,HES
2019-03-31 00:00:00,6675000000.0,,6675000000.0,356000000.0,3554000000.0,801000000.0,,-420000000.0,394000000.0,381000000.0,356000000.0,25000000.0,-183000000.0,-0.3,1.0,0.12,0.0571,-0.0274,0.03,2765000000.0,801000000.0,0.0747,,0.0766,,0.0766,25000000.0,,25000000.0,0.4142,0.2947,HES
2018-12-31 00:00:00,6466000000.0,,6466000000.0,362000000.0,3549000000.0,672000000.0,,-452000000.0,399000000.0,220000000.0,335000000.0,-115000000.0,-328000000.0,-0.77,1.0,0.1039,0.034,-0.0507,0.0694,2555000000.0,672000000.0,-0.3856,,-0.3856,,-0.3856,-115000000.0,,-115000000.0,0.3951,0.2999,HES
2018-09-30 00:00:00,6150000000.0,,6150000000.0,627000000.0,3637000000.0,-1810000000.0,,-508000000.0,380000000.0,-2318000000.0,466000000.0,-2784000000.0,-3001000000.0,-9.29,1.0,-0.2943,-0.3769,-0.488,0.412,186000000.0,-1810000000.0,-8.8843,,-8.8843,,-8.8843,-2784000000.0,,-2784000000.0,0.0302,0.2278,HES
2018-06-30 00:00:00,5966000000.0,,5966000000.0,499000000.0,3519000000.0,-4521000000.0,,-488000000.0,360000000.0,-5009000000.0,-1629000000.0,-3380000000.0,-3583000000.0,-11.45,1.0,-0.7578,-0.8396,-0.6006,0.3781,-2255000000.0,-4521000000.0,-10.78,,-10.78,,-10.78,-3380000000.0,,-3380000000.0,-0.378,0.1787,HES
2018-03-31 00:00:00,5602000000.0,,5602000000.0,489000000.0,3362000000.0,-5015000000.0,,-446000000.0,344000000.0,-5461000000.0,-1751000000.0,-3710000000.0,-3901000000.0,-12.43,1.0,-0.8952,-0.9748,-0.6964,0.3679,-2452000000.0,-5015000000.0,-11.8139,,-11.8139,,-11.8139,-3710000000.0,,-3710000000.0,-0.4377,0.1439,HES
2017-12-31 00:00:00,5466000000.0,,5466000000.0,507000000.0,3251000000.0,-5378000000.0,,-400000000.0,325000000.0,-5778000000.0,-1837000000.0,-3941000000.0,-4120000000.0,-13.12,1.0,-0.9839,-1.0571,-0.7538,0.4215,-2495000000.0,-5378000000.0,-12.5469,,-12.5469,,-12.5469,-3941000000.0,,-3941000000.0,-0.4565,0.1729,HES
2017-09-30 00:00:00,5404000000.0,,5404000000.0,1184000000.0,4097000000.0,-4690000000.0,,-320000000.0,329000000.0,-5010000000.0,1194000000.0,-6204000000.0,-6334000000.0,-20.2,1.0,-0.8679,-0.9271,-1.1721,-0.0183,-1685000000.0,-4690000000.0,-19.9303,,-19.9303,,-19.9303,-6204000000.0,,-6204000000.0,-0.3118,0.1717,HES
2017-06-30 00:00:00,4956000000.0,,4734000000.0,1221000000.0,3822000000.0,-2671000000.0,,-405000000.0,334000000.0,-3076000000.0,2852000000.0,-5928000000.0,-6050000000.0,-19.3,0.9552,-0.5389,-0.6207,-1.2207,-0.0958,386000000.0,-2671000000.0,-19.0569,,-19.0569,,-19.0569,-5928000000.0,,-5928000000.0,0.0779,0.2365,HES
2017-03-31 00:00:00,5023000000.0,,4524000000.0,1368000000.0,3659000000.0,-2921000000.0,,-408000000.0,337000000.0,-3329000000.0,2555000000.0,-5884000000.0,-5994000000.0,-19.13,0.9007,-0.5815,-0.6628,-1.1933,-0.1149,192000000.0,-2921000000.0,-18.9215,,-18.9215,,-18.9215,-5884000000.0,,-5884000000.0,0.0382,0.2397,HES
2016-12-31 00:00:00,4762000000.0,,4074000000.0,1442000000.0,3528000000.0,-3445000000.0,,-409000000.0,338000000.0,-3854000000.0,2222000000.0,-6076000000.0,-6173000000.0,-19.78,0.8555,-0.7234,-0.8093,-1.2963,-0.2764,-201000000.0,-3445000000.0,-19.6063,,-19.6063,,-19.6063,-6076000000.0,,-6076000000.0,-0.0422,0.1669,HES
2016-09-30 00:00:00,4920000000.0,1044000000.0,4232000000.0,787000000.0,3752000000.0,-3933000000.0,,-495000000.0,340000000.0,-4428000000.0,-1459000000.0,-2969000000.0,-3091000000.0,-10.56,0.8602,-0.7994,-0.9,-0.6283,-0.3053,-474000000.0,-3933000000.0,-10.2408,,-10.1784,,-10.2408,-2969000000.0,,-2977000000.0,-0.0963,0.222,HES
2016-06-30 00:00:00,5413000000.0,1178000000.0,4591000000.0,853000000.0,3854000000.0,-3919000000.0,,-415000000.0,340000000.0,-4334000000.0,-1443000000.0,-2891000000.0,-3019000000.0,-10.42,0.8481,-0.724,-0.8007,-0.5577,-0.3623,-283000000.0,-3919000000.0,-10.1687,,-10.0552,,-10.1687,-2891000000.0,,-2912000000.0,-0.0523,0.1925,HES
2016-03-31 00:00:00,6079000000.0,1179000000.0,5178000000.0,744000000.0,3964000000.0,-3949000000.0,,-416000000.0,341000000.0,-4365000000.0,-1294000000.0,-3071000000.0,-3182000000.0,-11.12,0.8518,-0.6496,-0.718,-0.5234,-0.3446,-82000000.0,-3949000000.0,-10.9178,,-10.8587,,-10.9178,-3071000000.0,,-3106000000.0,-0.0135,0.2443,HES
2015-12-31 00:00:00,6636000000.0,,5646000000.0,881000000.0,4100000000.0,-3842000000.0,,-416000000.0,341000000.0,-4258000000.0,-1299000000.0,-2959000000.0,-3056000000.0,-10.77,0.8508,-0.579,-0.6417,-0.4605,-0.3451,113000000.0,-3842000000.0,-10.61,-0.17,-10.603,-0.17,-10.61,-2959000000.0,-48000000.0,-3007000000.0,0.017,0.2985,HES
2015-09-30 00:00:00,7731000000.0,1472000000.0,6259000000.0,674000000.0,2786000000.0,-1433000000.0,,-366000000.0,337000000.0,-1799000000.0,-626000000.0,-1173000000.0,-1243000000.0,-4.37,0.8096,-0.1854,-0.2327,-0.1608,-0.3178,2414000000.0,-1433000000.0,-4.04,-0.2766,-4.1902,-0.17,-4.11,-1173000000.0,-42000000.0,-1215000000.0,0.3122,0.3146,HES
2015-06-30 00:00:00,8720000000.0,1539000000.0,7181000000.0,620000000.0,2849000000.0,-370000000.0,,-299000000.0,328000000.0,-669000000.0,-94000000.0,-575000000.0,44000000.0,-0.08,0.8235,-0.0424,-0.0767,0.005,-0.1943,3327000000.0,-370000000.0,-1.92,1.8934,0.124,2.03,-1.98,-575000000.0,642000000.0,67000000.0,0.3815,0.3982,HES
2015-03-31 00:00:00,9614000000.0,1604000000.0,8010000000.0,990000000.0,2916000000.0,650000000.0,,456000000.0,327000000.0,1106000000.0,154000000.0,952000000.0,1542000000.0,4.87,0.8332,0.0676,0.115,0.1604,0.0101,4104000000.0,650000000.0,2.98,1.8033,5.1213,1.94,3.11,952000000.0,612000000.0,1564000000.0,0.4269,0.3885,HES
2014-12-31 00:00:00,10737000000.0,1719000000.0,9018000000.0,840000000.0,2897000000.0,2057000000.0,,379000000.0,323000000.0,2436000000.0,744000000.0,1692000000.0,2317000000.0,7.44,0.8399,0.1916,0.2269,0.2158,0.2069,5281000000.0,2057000000.0,5.5,2.03,7.8169,2.06,5.57,1692000000.0,682000000.0,2374000000.0,0.4919,0.4151,HES
2014-09-30 00:00:00,10902000000.0,1698000000.0,9204000000.0,1127000000.0,2420000000.0,1759000000.0,,779000000.0,338000000.0,2538000000.0,-70000000.0,2608000000.0,4250000000.0,13.23,0.8442,0.1613,0.2328,0.3898,0.3266,4821000000.0,1759000000.0,8.07,5.1699,13.5281,5.02,8.35,2608000000.0,1688000000.0,4296000000.0,0.4422,0.4734,HES
2014-06-30 00:00:00,10944000000.0,1650000000.0,9294000000.0,1191000000.0,2439000000.0,1923000000.0,,704000000.0,349000000.0,2627000000.0,22000000.0,2605000000.0,3662000000.0,11.14,0.8492,0.1757,0.24,0.3346,0.3019,4828000000.0,1923000000.0,7.94,3.2199,11.3358,3.04,8.22,2605000000.0,1079000000.0,3684000000.0,0.4412,0.4654,HES
2014-03-31 00:00:00,11184000000.0,1650000000.0,9534000000.0,931000000.0,2476000000.0,2557000000.0,,1011000000.0,381000000.0,3568000000.0,337000000.0,3231000000.0,4162000000.0,12.34,0.8525,0.2286,0.319,0.3721,0.379,5281000000.0,2557000000.0,9.09,3.41,13.0844,3.23,9.23,3231000000.0,1139000000.0,4370000000.0,0.4722,0.4861,HES
2013-12-31 00:00:00,14617000000.0,4311000000.0,10306000000.0,1031000000.0,2904000000.0,2838000000.0,,1721000000.0,406000000.0,4559000000.0,549000000.0,4010000000.0,5052000000.0,14.86,0.7051,0.1942,0.3119,0.3456,0.2476,5525000000.0,2838000000.0,11.23,3.6133,15.5138,3.54,11.47,4010000000.0,1212000000.0,5222000000.0,0.378,0.3488,HES
2013-09-30 00:00:00,14848000000.0,4222000000.0,10626000000.0,935000000.0,4580000000.0,3167000000.0,,1532000000.0,415000000.0,4699000000.0,1381000000.0,3318000000.0,3501000000.0,10.76,0.7157,0.2133,0.3165,0.2358,0.1843,5871000000.0,3167000000.0,9.82,1.1393,10.8481,1.07,9.24,3318000000.0,365000000.0,3683000000.0,0.3954,0.3293,HES
2013-06-30 00:00:00,15200000000.0,4206000000.0,10994000000.0,1040000000.0,4688000000.0,3067000000.0,,1942000000.0,433000000.0,5009000000.0,1537000000.0,3472000000.0,3638000000.0,11.19,0.7233,0.2018,0.3295,0.2393,0.2064,5818000000.0,3067000000.0,10.25,1.1193,11.3635,1.05,9.67,3472000000.0,385000000.0,3857000000.0,0.3828,0.3617,HES
2013-03-31 00:00:00,15455000000.0,4117000000.0,11338000000.0,1036000000.0,4156000000.0,3206000000.0,,858000000.0,421000000.0,4064000000.0,1652000000.0,2412000000.0,2756000000.0,8.64,0.7336,0.2074,0.263,0.1783,0.012,6099000000.0,3206000000.0,7.72,1.0993,8.1925,1.04,7.09,2412000000.0,364000000.0,2776000000.0,0.3946,0.3553,HES
2012-12-31 00:00:00,12245000000.0,1333000000.0,10912000000.0,1070000000.0,3328000000.0,3066000000.0,,271000000.0,419000000.0,3337000000.0,1529000000.0,1808000000.0,2025000000.0,6.52,0.8911,0.2504,0.2725,0.1654,-0.0963,5932000000.0,3066000000.0,5.95,0.7493,6.0964,0.69,5.29,1808000000.0,255000000.0,2063000000.0,0.4844,0.4622,HES
