Date,Revenue,Cost of Revenue,Gross Profit,SG&A Expenses,Operating Income,Non-operating Income/Expense,Non-operating Interest Expenses,EBT,Income Tax Provision,Income after Tax,Net Income Common,EPS (Basic),Gross Margin,EBIT Margin,EBT margin,Net Profit Margin,Free Cash Flow Margin,EBITDA,EBIT,"EPS (Diluted, from Cont. Ops)","EPS (Diluted, from Disc. Ops)","EPS (Basic, Consolidated)","EPS (Basic, from Discontinued Ops)","EPS (Basic, from Continuous Ops)",Income from Continuous Operations,Income from Discontinued Operations,Consolidated Net Income/Loss,EBITDA Margin,Operating Cash Flow Margin,Ticker
2022-09-30 00:00:00,22162000000.0,12775000000.0,9387000000.0,1788000000.0,2663000000.0,12000000.0,225000000.0,2426000000.0,471000000.0,1955000000.0,1934000000.0,5.74,0.4236,0.1202,0.1095,0.0873,0.1789,3203000000.0,2663000000.0,5.7829,,5.8678,,5.8678,1955000000.0,,1955000000.0,0.1445,0.1863,HIG
2022-06-30 00:00:00,22268000000.0,12787000000.0,9481000000.0,1740000000.0,2808000000.0,-3000000.0,233000000.0,2578000000.0,480000000.0,2098000000.0,2077000000.0,6.08,0.4258,0.1261,0.1158,0.0933,0.1678,3369000000.0,2808000000.0,6.1184,,6.21,,6.21,2098000000.0,,2098000000.0,0.1513,0.1751,HIG
2022-03-31 00:00:00,22484000000.0,12497000000.0,9987000000.0,1704000000.0,3370000000.0,-62000000.0,239000000.0,3136000000.0,575000000.0,2561000000.0,2540000000.0,7.3,0.4442,0.1499,0.1395,0.113,0.1611,3997000000.0,3370000000.0,7.3107,,7.4187,,7.4187,2561000000.0,,2561000000.0,0.1778,0.1674,HIG
2021-12-31 00:00:00,22390000000.0,12729000000.0,9661000000.0,1680000000.0,3131000000.0,-135000000.0,234000000.0,2896000000.0,531000000.0,2365000000.0,2344000000.0,6.67,0.4315,0.1398,0.1293,0.1047,0.1769,3740000000.0,3131000000.0,6.6789,,6.7746,,6.7746,2365000000.0,,2365000000.0,0.167,0.1828,HIG
2021-09-30 00:00:00,21902000000.0,12636000000.0,9266000000.0,1671000000.0,2893000000.0,-211000000.0,229000000.0,2648000000.0,475000000.0,2173000000.0,2152000000.0,6.04,0.4231,0.1321,0.1209,0.0983,0.1816,2234000000.0,2893000000.0,6.0715,,6.1469,,6.1469,2173000000.0,,2173000000.0,0.102,0.1874,HIG
2021-06-30 00:00:00,21387000000.0,12178000000.0,9209000000.0,1673000000.0,2941000000.0,-344000000.0,229000000.0,2597000000.0,447000000.0,2150000000.0,2129000000.0,5.94,0.4306,0.1375,0.1214,0.0995,0.1913,3559000000.0,2941000000.0,5.9703,,6.0332,,6.0332,2150000000.0,,2150000000.0,0.1664,0.1964,HIG
2021-03-31 00:00:00,20866000000.0,12239000000.0,8627000000.0,1685000000.0,2423000000.0,-344000000.0,229000000.0,2079000000.0,366000000.0,1713000000.0,1692000000.0,4.69,0.4134,0.1161,0.0996,0.0811,0.2021,3491000000.0,2423000000.0,4.7484,,4.7814,,4.7814,1713000000.0,,1713000000.0,0.1673,0.2076,HIG
2020-12-31 00:00:00,20523000000.0,11805000000.0,8718000000.0,1706000000.0,2460000000.0,-340000000.0,236000000.0,2120000000.0,383000000.0,1737000000.0,1716000000.0,4.77,0.4248,0.1199,0.1033,0.0836,0.1831,3062000000.0,2460000000.0,4.8169,,4.8478,,4.8478,1737000000.0,,1737000000.0,0.1492,0.1886,HIG
2020-09-30 00:00:00,20556000000.0,11664000000.0,8892000000.0,1725000000.0,2566000000.0,-422000000.0,244000000.0,2144000000.0,396000000.0,1748000000.0,1727000000.0,4.79,0.4326,0.1248,0.1043,0.084,0.1746,4407000000.0,2566000000.0,4.8351,,4.8669,,4.8669,1748000000.0,,1748000000.0,0.2144,0.1799,HIG
2020-06-30 00:00:00,20732000000.0,11616000000.0,9116000000.0,1741000000.0,2699000000.0,-434000000.0,253000000.0,2265000000.0,441000000.0,1824000000.0,1798000000.0,4.98,0.4397,0.1302,0.1093,0.0867,0.1756,3247000000.0,2699000000.0,5.026,,5.0663,,5.0663,1824000000.0,,1824000000.0,0.1566,0.181,HIG
2020-03-31 00:00:00,20756000000.0,11703000000.0,9053000000.0,1704000000.0,2569000000.0,-440000000.0,259000000.0,2129000000.0,401000000.0,1728000000.0,1707000000.0,4.71,0.4362,0.1238,0.1026,0.0822,0.1638,3041000000.0,2569000000.0,4.7424,,4.7887,,4.7887,1728000000.0,,1728000000.0,0.1465,0.169,HIG
2019-12-31 00:00:00,20740000000.0,11472000000.0,9268000000.0,1622000000.0,3000000000.0,-440000000.0,259000000.0,2560000000.0,475000000.0,2085000000.0,2064000000.0,5.7,0.4469,0.1446,0.1234,0.0995,0.1632,3438000000.0,3000000000.0,5.7138,,5.7772,,5.7772,2085000000.0,,2085000000.0,0.1658,0.1682,HIG
2019-09-30 00:00:00,20012000000.0,11479000000.0,8533000000.0,1534000000.0,2405000000.0,-354000000.0,264000000.0,2051000000.0,318000000.0,1733000000.0,1711000000.0,4.73,0.4264,0.1202,0.1025,0.0855,0.1659,2811000000.0,2405000000.0,4.7304,,4.8026,,4.7897,1733000000.0,322000000.0,1733000000.0,0.1405,0.1722,HIG
2019-06-30 00:00:00,19507000000.0,11351000000.0,8156000000.0,1445000000.0,2194000000.0,-266000000.0,266000000.0,1928000000.0,303000000.0,1625000000.0,1619000000.0,4.48,0.4181,0.1125,0.0988,0.083,0.1266,2588000000.0,2194000000.0,4.4363,,4.5269,,4.4993,1625000000.0,,1630000000.0,0.1327,0.1321,HIG
2019-03-31 00:00:00,19204000000.0,11155000000.0,8049000000.0,1397000000.0,2297000000.0,-288000000.0,282000000.0,2009000000.0,322000000.0,1687000000.0,1829000000.0,5.06,0.4191,0.1196,0.1046,0.0952,0.1201,2749000000.0,2297000000.0,4.6074,,5.1219,,4.68,1687000000.0,,1840000000.0,0.1431,0.1255,HIG
2018-12-31 00:00:00,18955000000.0,11165000000.0,7790000000.0,1384000000.0,2057000000.0,-304000000.0,298000000.0,1753000000.0,268000000.0,1485000000.0,1801000000.0,4.96,0.411,0.1085,0.0925,0.095,0.1436,2562000000.0,2057000000.0,4.06,0.89,5.0418,0.8999,4.13,1485000000.0,,1807000000.0,0.1352,0.15,HIG
2018-09-30 00:00:00,18909000000.0,10911000000.0,7998000000.0,1376000000.0,2320000000.0,-312000000.0,306000000.0,2008000000.0,1277000000.0,731000000.0,-2092000000.0,-5.93,0.423,0.1227,0.1062,-0.1106,0.1223,2798000000.0,2320000000.0,2.04,-7.75,-5.668,-7.7553,2.08,731000000.0,-2823000000.0,-2092000000.0,0.148,0.1324,HIG
2018-06-30 00:00:00,18259000000.0,10763000000.0,7496000000.0,1369000000.0,1981000000.0,-322000000.0,316000000.0,1659000000.0,1210000000.0,449000000.0,-2290000000.0,-6.48,0.4105,0.1085,0.0909,-0.1254,0.1284,2467000000.0,1981000000.0,1.27,-7.5237,-6.2231,-7.5192,1.29,449000000.0,-2739000000.0,-2290000000.0,0.1351,0.1403,HIG
2018-03-31 00:00:00,17684000000.0,10445000000.0,7239000000.0,1370000000.0,1157000000.0,-316000000.0,316000000.0,841000000.0,978000000.0,-137000000.0,-2912000000.0,-8.19,0.4094,0.0654,0.0476,-0.1647,0.1371,1626000000.0,1157000000.0,-0.34,-7.6237,-7.9567,-7.6192,-0.34,-137000000.0,-2775000000.0,-2912000000.0,0.0919,0.1512,HIG
2017-12-31 00:00:00,17162000000.0,10174000000.0,6988000000.0,1372000000.0,1039000000.0,-316000000.0,316000000.0,723000000.0,985000000.0,-262000000.0,-3131000000.0,-8.83,0.4072,0.0605,0.0421,-0.1824,0.1128,1472000000.0,1039000000.0,-0.72,-7.89,-8.6088,-7.89,-0.72,-262000000.0,-2869000000.0,-3131000000.0,0.0858,0.1274,HIG
2017-09-30 00:00:00,15045000000.0,8880000000.0,6165000000.0,1262000000.0,627000000.0,-958000000.0,308000000.0,-331000000.0,-263000000.0,-68000000.0,491000000.0,1.32,0.4098,0.0417,-0.022,0.0326,0.1339,1118000000.0,627000000.0,-0.1285,1.8881,1.3661,1.9319,-0.1231,-68000000.0,760000000.0,491000000.0,0.0743,0.1452,HIG
2017-06-30 00:00:00,15568000000.0,9022000000.0,6546000000.0,1324000000.0,981000000.0,-965000000.0,315000000.0,16000000.0,-209000000.0,225000000.0,695000000.0,1.79,0.4205,0.063,0.001,0.0446,0.1262,1521000000.0,981000000.0,0.5931,1.6681,1.8577,1.7019,0.6181,225000000.0,680000000.0,695000000.0,0.0977,0.1377,HIG
2017-03-31 00:00:00,16050000000.0,9744000000.0,6306000000.0,1347000000.0,1438000000.0,-971000000.0,321000000.0,467000000.0,-126000000.0,593000000.0,951000000.0,2.44,0.3929,0.0896,0.0291,0.0593,0.1067,1961000000.0,1438000000.0,1.555,1.4681,2.5183,1.4619,1.5894,593000000.0,605000000.0,951000000.0,0.1222,0.1179,HIG
2016-12-31 00:00:00,16291000000.0,9961000000.0,6330000000.0,1377000000.0,1424000000.0,-977000000.0,327000000.0,447000000.0,-166000000.0,613000000.0,896000000.0,2.23,0.3886,0.0874,0.0274,0.055,0.1131,1955000000.0,1424000000.0,1.55,,2.311,,1.5799,613000000.0,,896000000.0,0.12,0.1268,HIG
2016-09-30 00:00:00,15954000000.0,9803000000.0,6151000000.0,1297000000.0,1443000000.0,-360000000.0,332000000.0,1083000000.0,169000000.0,914000000.0,1398000000.0,3.46,0.3855,0.0904,0.0679,0.0876,0.1169,1915000000.0,1443000000.0,2.337,,3.539,,2.3715,914000000.0,,1398000000.0,0.12,0.1355,HIG
2016-06-30 00:00:00,15801000000.0,9733000000.0,6068000000.0,1328000000.0,1276000000.0,-342000000.0,334000000.0,934000000.0,86000000.0,848000000.0,1341000000.0,3.24,0.384,0.0808,0.0591,0.0849,0.1342,1731000000.0,1276000000.0,2.0954,,3.3185,,2.1303,848000000.0,,1341000000.0,0.1096,0.1559,HIG
2016-03-31 00:00:00,15790000000.0,9403000000.0,6387000000.0,1351000000.0,1593000000.0,-359000000.0,338000000.0,1234000000.0,189000000.0,1045000000.0,1538000000.0,3.66,0.4045,0.1009,0.0782,0.0974,0.1503,2059000000.0,1593000000.0,2.5182,,3.7536,,2.5654,1045000000.0,,1538000000.0,0.1304,0.1714,HIG
2015-12-31 00:00:00,15997000000.0,9325000000.0,6672000000.0,1364000000.0,1845000000.0,-367000000.0,346000000.0,1478000000.0,289000000.0,1189000000.0,1682000000.0,3.95,0.4171,0.1153,0.0924,0.1051,0.1531,2330000000.0,1845000000.0,2.8,-0.1,4.0482,-0.11,2.86,1189000000.0,-87000000.0,1682000000.0,0.1457,0.1723,HIG
2015-09-30 00:00:00,18481000000.0,10667000000.0,7814000000.0,1593000000.0,2253000000.0,-335000000.0,365000000.0,1918000000.0,321000000.0,1597000000.0,1643000000.0,3.8,0.4228,0.1219,0.1038,0.0889,0.1479,2828000000.0,2253000000.0,3.6915,-1.18,3.8669,-1.22,3.7815,1597000000.0,-542000000.0,1643000000.0,0.153,0.1618,HIG
2015-06-30 00:00:00,18688000000.0,10581000000.0,8107000000.0,1739000000.0,2395000000.0,-360000000.0,370000000.0,2035000000.0,422000000.0,1613000000.0,1650000000.0,3.76,0.4338,0.1282,0.1089,0.0883,0.1218,3145000000.0,2395000000.0,3.6715,,3.8337,,3.7715,1613000000.0,,1650000000.0,0.1683,0.133,HIG
2015-03-31 00:00:00,18619000000.0,10792000000.0,7827000000.0,1720000000.0,2067000000.0,-352000000.0,375000000.0,1715000000.0,365000000.0,1350000000.0,770000000.0,1.79,0.4204,0.111,0.0921,0.0414,0.0987,2736000000.0,2067000000.0,3.0368,,1.8109,,3.1151,1350000000.0,,770000000.0,0.1469,0.1066,HIG
2014-12-31 00:00:00,18614000000.0,10805000000.0,7809000000.0,1729000000.0,2052000000.0,-353000000.0,376000000.0,1699000000.0,350000000.0,1349000000.0,798000000.0,1.74,0.4195,0.1102,0.0913,0.0429,0.0948,2693000000.0,2052000000.0,2.93,-2.25,1.8063,-2.47,3.05,1349000000.0,-1104000000.0,798000000.0,0.1447,0.1013,HIG
2014-09-30 00:00:00,16050000000.0,8359000000.0,7691000000.0,821000000.0,2858000000.0,-378000000.0,378000000.0,2480000000.0,609000000.0,1871000000.0,730000000.0,1.53,0.4792,0.1781,0.1545,0.0455,0.069,2425000000.0,2858000000.0,3.97,,1.6699,,4.21,1871000000.0,,730000000.0,0.1511,0.0766,HIG
2014-06-30 00:00:00,16143000000.0,8499000000.0,7644000000.0,835000000.0,2809000000.0,-379000000.0,379000000.0,2430000000.0,582000000.0,1848000000.0,635000000.0,1.27,0.4735,0.174,0.1505,0.0393,0.074,3392000000.0,2809000000.0,3.85,-2.5,1.4305,-2.7,4.13,1848000000.0,-1213000000.0,635000000.0,0.2101,0.0829,HIG
2014-03-31 00:00:00,16261000000.0,8398000000.0,7863000000.0,854000000.0,2902000000.0,-385000000.0,385000000.0,2517000000.0,586000000.0,1931000000.0,912000000.0,1.89,0.4835,0.1785,0.1548,0.0561,0.0861,3512000000.0,2902000000.0,4.04,-2.07,2.046,-2.27,4.32,1931000000.0,-1019000000.0,912000000.0,0.216,0.0861,HIG
2013-12-31 00:00:00,20673000000.0,11048000000.0,9625000000.0,1794000000.0,3655000000.0,-2184000000.0,397000000.0,1471000000.0,246000000.0,1225000000.0,166000000.0,0.28,0.4656,0.1768,0.0712,0.008,0.0598,5215000000.0,3655000000.0,2.5,-2.14,0.3931,-2.34,2.71,1225000000.0,-1049000000.0,176000000.0,0.2523,0.0598,HIG
2013-09-30 00:00:00,22148000000.0,12341000000.0,9807000000.0,2870000000.0,2674000000.0,-2197000000.0,410000000.0,477000000.0,-119000000.0,596000000.0,-205000000.0,-0.5,0.4428,0.1207,0.0215,-0.0093,0.0619,7034000000.0,2674000000.0,1.19,-1.6979,-0.4292,-1.7577,1.28,596000000.0,-780000000.0,-184000000.0,0.3176,0.0619,HIG
2013-06-30 00:00:00,23618000000.0,13482000000.0,10136000000.0,2842000000.0,2728000000.0,-2745000000.0,425000000.0,-17000000.0,-241000000.0,224000000.0,-495000000.0,-0.27,0.4292,0.1155,-0.0007,-0.021,0.0785,6026000000.0,2728000000.0,0.41,-1.5079,-1.0475,-1.5477,0.43,224000000.0,-688000000.0,-464000000.0,0.2551,0.0785,HIG
2013-03-31 00:00:00,23449000000.0,12519000000.0,10930000000.0,3005000000.0,3142000000.0,-3670000000.0,440000000.0,-528000000.0,-411000000.0,-117000000.0,-417000000.0,-0.14,0.4661,0.134,-0.0225,-0.0178,0.0736,6673000000.0,3142000000.0,-0.38,-0.5579,-0.8571,-0.5977,-0.36,-117000000.0,-258000000.0,-375000000.0,0.2846,0.0736,HIG
2012-12-31 00:00:00,22086000000.0,13195000000.0,8891000000.0,1990000000.0,1811000000.0,-1900000000.0,457000000.0,-89000000.0,-309000000.0,220000000.0,-80000000.0,0.62,0.4026,0.082,-0.004,-0.0036,0.1214,4266000000.0,1811000000.0,0.38,-0.55,-0.0869,-0.59,0.41,220000000.0,-258000000.0,-38000000.0,0.1932,0.1214,HIG
