Date,Revenue,Cost of Revenue,Gross Profit,SG&A Expenses,Operating Income,Interest Expense (Operating),Non-operating Income/Expense,Non-operating Interest Expenses,EBT,Income Tax Provision,Income after Tax,Net Income Common,EPS (Basic),Gross Margin,EBIT Margin,EBT margin,Net Profit Margin,Free Cash Flow Margin,EBITDA,EBIT,"EPS (Diluted, from Cont. Ops)","EPS (Diluted, from Disc. Ops)","EPS (Basic, Consolidated)","EPS (Basic, from Discontinued Ops)","EPS (Basic, from Continuous Ops)",Income from Continuous Operations,Income from Discontinued Operations,Consolidated Net Income/Loss,EBITDA Margin,Operating Cash Flow Margin,Ticker
2022-09-30 00:00:00,8193000000.0,5832000000.0,2361000000.0,390000000.0,1923000000.0,400000000.0,46000000.0,390000000.0,1568000000.0,496000000.0,1072000000.0,1074000000.0,3.84,0.2882,0.2347,0.1914,0.1311,0.1664,2118000000.0,1923000000.0,3.848,,3.8757,,3.8757,1072000000.0,,1072000000.0,0.2585,0.1773,HLT
2022-06-30 00:00:00,7573000000.0,5382000000.0,2191000000.0,404000000.0,1732000000.0,387000000.0,29000000.0,382000000.0,1381000000.0,415000000.0,966000000.0,968000000.0,3.44,0.2893,0.2287,0.1824,0.1278,0.1289,1941000000.0,1732000000.0,3.4439,,3.4685,,3.4685,966000000.0,,966000000.0,0.2563,0.14,HLT
2022-03-31 00:00:00,6652000000.0,3986000000.0,2666000000.0,399000000.0,1358000000.0,382000000.0,-82000000.0,384000000.0,995000000.0,268000000.0,727000000.0,730000000.0,2.6,0.4008,0.2041,0.1496,0.1097,0.0785,1570000000.0,1358000000.0,2.5887,,2.6072,,2.6072,727000000.0,,727000000.0,0.236,0.0899,HLT
2021-12-31 00:00:00,5797000000.0,2838000000.0,2959000000.0,405000000.0,1010000000.0,387000000.0,-264000000.0,397000000.0,560000000.0,153000000.0,407000000.0,410000000.0,1.46,0.5104,0.1742,0.0966,0.0707,0.0274,1228000000.0,1010000000.0,1.4484,,1.4588,,1.4588,407000000.0,,407000000.0,0.2118,0.04,HLT
2021-09-30 00:00:00,4851000000.0,1593000000.0,3258000000.0,424000000.0,482000000.0,412000000.0,-423000000.0,415000000.0,-26000000.0,-60000000.0,34000000.0,39000000.0,0.13,0.6716,0.0994,-0.0054,0.008,-0.0456,742000000.0,482000000.0,0.1059,,0.1146,,0.1146,34000000.0,,34000000.0,0.153,-0.033,HLT
2021-06-30 00:00:00,4026000000.0,538000000.0,3488000000.0,383000000.0,61000000.0,435000000.0,-541000000.0,433000000.0,-480000000.0,-193000000.0,-287000000.0,-281000000.0,-1.02,0.8664,0.0152,-0.1192,-0.0698,-0.147,355000000.0,61000000.0,-1.0406,,-1.038,,-1.038,-287000000.0,,-287000000.0,0.0882,-0.1336,HLT
2021-03-31 00:00:00,3261000000.0,491000000.0,2770000000.0,348000000.0,-465000000.0,450000000.0,-586000000.0,438000000.0,-1051000000.0,-204000000.0,-847000000.0,-841000000.0,-3.04,0.8494,-0.1426,-0.3223,-0.2579,0.1024,-129000000.0,-465000000.0,-3.0557,,-3.0564,,-3.0564,-847000000.0,,-847000000.0,-0.0396,0.1251,HLT
2020-12-31 00:00:00,4307000000.0,620000000.0,3687000000.0,311000000.0,-418000000.0,442000000.0,-506000000.0,429000000.0,-924000000.0,-204000000.0,-720000000.0,-715000000.0,-2.59,0.856,-0.0971,-0.2145,-0.166,0.143,-41000000.0,-418000000.0,-2.5993,,-2.5993,,-2.5993,-720000000.0,,-720000000.0,-0.0095,0.1644,HLT
2020-09-30 00:00:00,5786000000.0,790000000.0,4996000000.0,303000000.0,125000000.0,429000000.0,-457000000.0,426000000.0,-332000000.0,-13000000.0,-319000000.0,-316000000.0,-1.16,0.8635,0.0216,-0.0574,-0.0546,0.1576,530000000.0,125000000.0,-1.1723,,-1.1601,,-1.1601,-319000000.0,,-319000000.0,0.0916,0.1811,HLT
2020-06-30 00:00:00,7248000000.0,956000000.0,6292000000.0,344000000.0,633000000.0,,-430000000.0,415000000.0,203000000.0,151000000.0,52000000.0,51000000.0,0.14,0.8681,0.0873,0.028,0.007,0.2238,1034000000.0,633000000.0,0.127,,0.1498,,0.1498,52000000.0,,52000000.0,0.1427,0.2318,HLT
2020-03-31 00:00:00,9168000000.0,1195000000.0,7973000000.0,394000000.0,1413000000.0,,-404000000.0,410000000.0,1009000000.0,264000000.0,745000000.0,741000000.0,2.59,0.8697,0.1541,0.1101,0.0808,0.1175,1812000000.0,1413000000.0,2.5804,,2.6094,,2.6094,745000000.0,,745000000.0,0.1976,0.1253,HLT
2019-12-31 00:00:00,9452000000.0,1254000000.0,8198000000.0,441000000.0,1657000000.0,,-413000000.0,414000000.0,1244000000.0,358000000.0,886000000.0,881000000.0,3.07,0.8673,0.1753,0.1316,0.0932,0.1374,2048000000.0,1657000000.0,3.0551,,3.0871,,3.0871,886000000.0,,886000000.0,0.2167,0.1464,HLT
2019-09-30 00:00:00,9371000000.0,1271000000.0,8100000000.0,442000000.0,1671000000.0,,-404000000.0,398000000.0,1267000000.0,332000000.0,935000000.0,930000000.0,3.21,0.8644,0.1783,0.1352,0.0992,0.1549,2054000000.0,1671000000.0,3.1872,,3.2176,,3.2176,935000000.0,,935000000.0,0.2192,0.1625,HLT
2019-06-30 00:00:00,9229000000.0,1292000000.0,7937000000.0,444000000.0,1537000000.0,,-398000000.0,392000000.0,1139000000.0,330000000.0,809000000.0,804000000.0,2.75,0.86,0.1665,0.1234,0.0871,0.1289,1914000000.0,1537000000.0,2.727,,2.7523,,2.7523,809000000.0,,809000000.0,0.2074,0.1488,HLT
2019-03-31 00:00:00,9036000000.0,1310000000.0,7726000000.0,446000000.0,1465000000.0,,-390000000.0,386000000.0,1075000000.0,310000000.0,765000000.0,761000000.0,2.57,0.855,0.1621,0.119,0.0842,0.1328,1835000000.0,1465000000.0,2.5494,,2.5732,,2.5732,765000000.0,,765000000.0,0.2031,0.1523,HLT
2018-12-31 00:00:00,8906000000.0,1332000000.0,7574000000.0,443000000.0,1432000000.0,,-354000000.0,371000000.0,1078000000.0,309000000.0,769000000.0,764000000.0,2.54,0.8504,0.1608,0.121,0.0858,0.1231,1800000000.0,1432000000.0,2.5214,,2.5463,,2.5463,769000000.0,,769000000.0,0.2021,0.1409,HLT
2018-09-30 00:00:00,8686000000.0,1337000000.0,7349000000.0,437000000.0,1329000000.0,,-336000000.0,368000000.0,993000000.0,-281000000.0,1274000000.0,1269000000.0,4.41,0.8461,0.153,0.1143,0.1461,0.1155,1695000000.0,1329000000.0,4.0079,,4.0459,,4.0459,1274000000.0,,1274000000.0,0.1951,0.1345,HLT
2018-06-30 00:00:00,8524000000.0,1346000000.0,7178000000.0,434000000.0,1276000000.0,,-320000000.0,354000000.0,956000000.0,-314000000.0,1270000000.0,1265000000.0,4.42,0.8421,0.1497,0.1122,0.1484,0.1038,1642000000.0,1276000000.0,3.9535,,3.9906,,3.9906,1270000000.0,,1270000000.0,0.1926,0.1217,HLT
2018-03-31 00:00:00,8309000000.0,1321000000.0,6988000000.0,437000000.0,1194000000.0,,-286000000.0,345000000.0,908000000.0,-296000000.0,1204000000.0,1198000000.0,4.21,0.841,0.1437,0.1093,0.1442,0.1086,1562000000.0,1194000000.0,3.6963,,3.7315,,3.7315,1204000000.0,,1204000000.0,0.188,0.1254,HLT
2017-12-31 00:00:00,8131000000.0,1269000000.0,6862000000.0,439000000.0,1132000000.0,,-379000000.0,351000000.0,753000000.0,-336000000.0,1089000000.0,1084000000.0,3.92,0.8439,0.1392,0.0926,0.1333,0.0881,1500000000.0,1132000000.0,3.3303,,3.3612,,3.3612,1089000000.0,,1089000000.0,0.1845,0.1044,HLT
2017-09-30 00:00:00,7096000000.0,1233000000.0,5863000000.0,452000000.0,1033000000.0,,-312000000.0,308000000.0,721000000.0,759000000.0,-38000000.0,-42000000.0,0.11,0.8262,0.1456,0.1016,-0.0059,0.1041,1509000000.0,1033000000.0,-0.1237,,-0.0873,,-0.1158,-38000000.0,,-33000000.0,0.2127,0.1319,HLT
2017-06-30 00:00:00,6872000000.0,1218000000.0,5654000000.0,453000000.0,966000000.0,,-343000000.0,320000000.0,623000000.0,732000000.0,-109000000.0,-13000000.0,0.1201,0.8228,0.1406,0.0907,-0.0019,0.1074,1524000000.0,966000000.0,-0.346,,-0.0006,,-0.3427,-109000000.0,,-1000000.0,0.2218,0.1426,HLT
2017-03-31 00:00:00,6746000000.0,1240000000.0,5506000000.0,432000000.0,915000000.0,,-379000000.0,333000000.0,536000000.0,696000000.0,-160000000.0,76000000.0,0.3302,0.8162,0.1356,0.0795,0.0113,0.1038,1556000000.0,915000000.0,-0.515,,0.2792,,-0.5145,-160000000.0,,92000000.0,0.2307,0.1513,HLT
2016-12-31 00:00:00,6576000000.0,1279000000.0,5297000000.0,409000000.0,868000000.0,,-328000000.0,334000000.0,540000000.0,557000000.0,-17000000.0,338000000.0,1.0403,0.8055,0.132,0.0821,0.0514,0.1387,1589000000.0,868000000.0,-0.08,1.11,1.0759,1.11,-0.08,-17000000.0,371000000.0,354000000.0,0.2416,0.1992,HLT
2016-09-30 00:00:00,4260000000.0,-661000000.0,4921000000.0,331000000.0,28000000.0,,-259000000.0,232000000.0,-231000000.0,-892000000.0,661000000.0,1549000000.0,4.6805,1.1552,0.0066,-0.0542,0.3636,0.2418,748000000.0,28000000.0,1.9793,,4.747,,1.9856,661000000.0,366000000.0,1562000000.0,0.1756,0.3343,HLT
2016-06-30 00:00:00,5288000000.0,31000000.0,5257000000.0,369000000.0,426000000.0,,-285000000.0,273000000.0,141000000.0,-714000000.0,855000000.0,1641000000.0,4.9505,0.9941,0.0806,0.0267,0.3103,0.2676,1148000000.0,426000000.0,2.5678,,5.0237,,2.5759,855000000.0,,1653000000.0,0.2171,0.2784,HLT
2016-03-31 00:00:00,6260000000.0,719000000.0,5541000000.0,493000000.0,580000000.0,,-290000000.0,323000000.0,290000000.0,-632000000.0,922000000.0,1563000000.0,4.7105,0.8851,0.0927,0.0463,0.2497,0.2339,1304000000.0,580000000.0,2.7844,,4.7897,,2.7935,922000000.0,,1576000000.0,0.2083,0.2395,HLT
2015-12-31 00:00:00,7133000000.0,1414000000.0,5719000000.0,537000000.0,900000000.0,,-367000000.0,377000000.0,533000000.0,-348000000.0,881000000.0,1404000000.0,4.2305,0.8018,0.1262,0.0747,0.1968,0.4597,1630000000.0,900000000.0,2.6599,,4.3039,,2.6699,881000000.0,,1416000000.0,0.2285,0.2027,HLT
2015-09-30 00:00:00,11244000000.0,4091000000.0,7153000000.0,635000000.0,2035000000.0,,-587000000.0,582000000.0,1448000000.0,689000000.0,759000000.0,748000000.0,2.2504,0.6362,0.181,0.1288,0.0665,0.2882,2762000000.0,2035000000.0,2.3016,,2.3105,,2.3105,759000000.0,,759000000.0,0.2456,0.1244,HLT
2015-06-30 00:00:00,10993000000.0,4089000000.0,6904000000.0,609000000.0,1817000000.0,,-585000000.0,600000000.0,1232000000.0,569000000.0,663000000.0,652000000.0,1.9804,0.628,0.1653,0.1121,0.0593,0.2678,2532000000.0,1817000000.0,2.0115,,2.0198,,2.0198,663000000.0,,663000000.0,0.2303,0.1313,HLT
2015-03-31 00:00:00,10738000000.0,4073000000.0,6665000000.0,521000000.0,1825000000.0,,-572000000.0,609000000.0,1253000000.0,545000000.0,708000000.0,700000000.0,2.1304,0.6207,0.17,0.1167,0.0652,0.2779,2525000000.0,1825000000.0,2.1506,,2.1579,,2.1579,708000000.0,,708000000.0,0.2351,0.1347,HLT
2014-12-31 00:00:00,10502000000.0,4019000000.0,6483000000.0,491000000.0,1673000000.0,,-526000000.0,618000000.0,1147000000.0,465000000.0,682000000.0,673000000.0,2.0403,0.6173,0.1593,0.1092,0.0641,0.0966,2351000000.0,1673000000.0,2.0728,,2.0792,,2.0792,682000000.0,,682000000.0,0.2239,0.1245,HLT
2014-09-30 00:00:00,10317000000.0,3989000000.0,6328000000.0,778000000.0,1307000000.0,,-345000000.0,686000000.0,962000000.0,377000000.0,585000000.0,541000000.0,1.6502,0.6134,0.1267,0.0932,0.0524,0.1621,1950000000.0,1307000000.0,1.7905,,1.7917,,1.7917,585000000.0,,585000000.0,0.189,0.1915,HLT
2014-06-30 00:00:00,10122000000.0,3948000000.0,6174000000.0,789000000.0,1219000000.0,,-298000000.0,657000000.0,921000000.0,320000000.0,601000000.0,558000000.0,1.7402,0.61,0.1204,0.091,0.0551,0.1663,1849000000.0,1219000000.0,1.8834,,1.8834,,1.8834,601000000.0,,601000000.0,0.1827,0.1951,HLT
2014-03-31 00:00:00,9835000000.0,3912000000.0,5923000000.0,748000000.0,1188000000.0,,-359000000.0,630000000.0,829000000.0,283000000.0,546000000.0,504000000.0,1.6202,0.6022,0.1208,0.0843,0.0512,0.1783,1809000000.0,1188000000.0,1.7492,,1.7492,,1.7492,546000000.0,,546000000.0,0.1839,0.2111,HLT
2013-12-31 00:00:00,9735000000.0,3877000000.0,5858000000.0,748000000.0,1102000000.0,,-404000000.0,620000000.0,698000000.0,238000000.0,460000000.0,415000000.0,1.3502,0.6017,0.1132,0.0717,0.0426,0.1817,1730000000.0,1102000000.0,1.4953,,1.4953,,1.4953,460000000.0,,460000000.0,0.1777,0.2158,HLT
2013-09-30 00:00:00,,,,,,,,401000000.0,590000000.0,192000000.0,,,,,,0.0,,0.0,,,,,,,,398000000.0,,,,0.0,HLT
2013-06-30 00:00:00,,,,,,,,,,,,,,,,,,0.0,,,,,,,,,,,,0.0,HLT
2013-03-31 00:00:00,,,,,,,,,,,,,,,,,,0.0,,,,,,,,,,,,0.0,HLT
2012-12-31 00:00:00,,,,,,,,,,,,,,,,,,0.0,,,,,,,,,,,,0.0,HLT
