Date,Revenue,Cost of Revenue,Gross Profit,R&D Expenses,SG&A Expenses,Operating Income,Interest Expense (Operating),Non-operating Income/Expense,Non-operating Interest Expenses,EBT,Income Tax Provision,Income after Tax,Net Income Common,EPS (Basic),Gross Margin,EBIT Margin,EBT margin,Net Profit Margin,Free Cash Flow Margin,EBITDA,EBIT,"EPS (Diluted, from Cont. Ops)","EPS (Diluted, from Disc. Ops)","EPS (Basic, Consolidated)","EPS (Basic, from Discontinued Ops)","EPS (Basic, from Continuous Ops)",Income from Continuous Operations,Income from Discontinued Operations,Consolidated Net Income/Loss,EBITDA Margin,Operating Cash Flow Margin,Ticker
2022-07-31 00:00:00,27711000000.0,18839000000.0,8872000000.0,2032000000.0,4959000000.0,1471000000.0,856000000.0,-959000000.0,235000000.0,3921000000.0,196000000.0,3725000000.0,3725000000.0,2.8,0.3202,0.0531,0.1415,0.1344,0.0745,4384000000.0,1471000000.0,2.8039,,2.8484,,2.8484,3725000000.0,,3725000000.0,0.1582,0.1629,HPE
2022-04-30 00:00:00,27785000000.0,18808000000.0,8977000000.0,2029000000.0,5021000000.0,1287000000.0,681000000.0,-845000000.0,,3863000000.0,155000000.0,3708000000.0,3708000000.0,2.78,0.3231,0.0463,0.139,0.1335,0.0721,4453000000.0,1287000000.0,2.7878,,2.8333,,2.8333,3708000000.0,,3708000000.0,0.1603,0.158,HPE
2022-01-31 00:00:00,27829000000.0,18713000000.0,9116000000.0,2015000000.0,4971000000.0,1358000000.0,376000000.0,-1227000000.0,172000000.0,3875000000.0,158000000.0,3717000000.0,3717000000.0,2.79,0.3276,0.0488,0.1392,0.1336,0.0928,4367000000.0,1358000000.0,2.7943,,2.8399,,2.8399,3717000000.0,,3717000000.0,0.1569,0.1736,HPE
2021-10-31 00:00:00,27766000000.0,18568000000.0,9198000000.0,1979000000.0,4929000000.0,1132000000.0,367000000.0,-1631000000.0,211000000.0,3587000000.0,160000000.0,3427000000.0,3427000000.0,2.57,0.3313,0.0408,0.1292,0.1234,0.1341,4141000000.0,1132000000.0,2.5767,,2.618,,2.618,3427000000.0,,3427000000.0,0.1491,0.2114,HPE
2021-07-31 00:00:00,27652000000.0,18557000000.0,9095000000.0,1961000000.0,4815000000.0,927000000.0,425000000.0,359000000.0,162000000.0,1024000000.0,-7000000.0,1031000000.0,1031000000.0,0.78,0.3289,0.0335,0.037,0.0373,0.0608,3770000000.0,927000000.0,0.7841,,0.7917,,0.7917,1031000000.0,,1031000000.0,0.1363,0.1324,HPE
2021-04-30 00:00:00,27557000000.0,18709000000.0,8848000000.0,1910000000.0,4655000000.0,657000000.0,421000000.0,-73000000.0,183000000.0,584000000.0,-64000000.0,648000000.0,648000000.0,0.5,0.3211,0.0238,0.0212,0.0235,0.0754,3264000000.0,657000000.0,0.498,,0.5004,,0.5004,648000000.0,,648000000.0,0.1184,0.1453,HPE
2021-01-31 00:00:00,26866000000.0,18391000000.0,8475000000.0,1857000000.0,4565000000.0,-455000000.0,,-160000000.0,240000000.0,-615000000.0,-183000000.0,-432000000.0,-432000000.0,-0.34,0.3155,-0.0169,-0.0229,-0.0161,0.0487,3019000000.0,-455000000.0,-0.3325,,-0.3334,,-0.3334,-432000000.0,,-432000000.0,0.1124,0.1222,HPE
2020-10-31 00:00:00,26982000000.0,18513000000.0,8469000000.0,1874000000.0,4624000000.0,-329000000.0,,-113000000.0,215000000.0,-442000000.0,-120000000.0,-322000000.0,-322000000.0,-0.25,0.3139,-0.0122,-0.0164,-0.0119,0.0208,3161000000.0,-329000000.0,-0.2489,,-0.2487,,-0.2487,-322000000.0,,-322000000.0,0.1172,0.083,HPE
2020-07-31 00:00:00,26989000000.0,18333000000.0,8656000000.0,1828000000.0,4687000000.0,-14000000.0,,170000000.0,196000000.0,156000000.0,155000000.0,1000000.0,1000000.0,0.0,0.3207,-0.0005,0.0058,0.0,0.045,3440000000.0,-14000000.0,-0.0171,,-0.01,,-0.01,1000000.0,,1000000.0,0.1275,0.1084,HPE
2020-04-30 00:00:00,27390000000.0,18352000000.0,9038000000.0,1854000000.0,4809000000.0,-102000000.0,,27000000.0,195000000.0,-75000000.0,-40000000.0,-35000000.0,-35000000.0,-0.03,0.33,-0.0037,-0.0027,-0.0013,0.0343,3342000000.0,-102000000.0,-0.0442,,-0.0372,,-0.0372,-35000000.0,,-35000000.0,0.122,0.0967,HPE
2020-01-31 00:00:00,28531000000.0,19102000000.0,9429000000.0,1861000000.0,4914000000.0,1166000000.0,,110000000.0,145000000.0,1276000000.0,71000000.0,1205000000.0,1205000000.0,0.92,0.3305,0.0409,0.0447,0.0422,0.0611,3752000000.0,1166000000.0,0.8949,,0.9052,,0.9052,1205000000.0,,1205000000.0,0.1315,0.1239,HPE
2019-10-31 00:00:00,29135000000.0,19642000000.0,9493000000.0,1842000000.0,4907000000.0,1274000000.0,,279000000.0,177000000.0,1553000000.0,504000000.0,1049000000.0,1049000000.0,0.79,0.3258,0.0437,0.0533,0.036,0.0597,3809000000.0,1274000000.0,0.768,,0.7753,,0.7753,1049000000.0,,1049000000.0,0.1307,0.1372,HPE
2019-07-31 00:00:00,29866000000.0,20327000000.0,9539000000.0,1844000000.0,4915000000.0,1467000000.0,,-61000000.0,250000000.0,1406000000.0,1609000000.0,-203000000.0,-188000000.0,-0.1,0.3194,0.0491,0.0471,-0.0063,0.0633,4119000000.0,1467000000.0,-0.0407,,-0.0415,,-0.0474,-203000000.0,,-188000000.0,0.1379,0.1303,HPE
2019-04-30 00:00:00,30413000000.0,20958000000.0,9455000000.0,1798000000.0,4883000000.0,2033000000.0,,103000000.0,244000000.0,2136000000.0,1860000000.0,276000000.0,290000000.0,0.22,0.3109,0.0668,0.0702,0.0095,0.0656,4694000000.0,2033000000.0,0.2695,,0.2768,,0.2728,276000000.0,,290000000.0,0.1543,0.1297,HPE
2019-01-31 00:00:00,30731000000.0,21323000000.0,9408000000.0,1744000000.0,4914000000.0,1965000000.0,,-385000000.0,304000000.0,1580000000.0,873000000.0,707000000.0,649000000.0,0.41,0.3061,0.0639,0.0514,0.0211,0.0431,4633000000.0,1965000000.0,0.5063,,0.4716,,0.5163,707000000.0,,649000000.0,0.1508,0.1043,HPE
2018-10-31 00:00:00,30852000000.0,21621000000.0,9231000000.0,1667000000.0,4921000000.0,1737000000.0,,-1469000000.0,274000000.0,268000000.0,-1744000000.0,2012000000.0,1908000000.0,1.18,0.2992,0.0563,0.0087,0.0618,0.0357,4401000000.0,1737000000.0,1.3,-0.07,1.2479,-0.07,1.32,2012000000.0,-104000000.0,1908000000.0,0.1426,0.0961,HPE
2018-07-31 00:00:00,30566000000.0,21522000000.0,9044000000.0,1595000000.0,4978000000.0,799000000.0,,-1408000000.0,239000000.0,-609000000.0,-3771000000.0,3162000000.0,3189000000.0,2.02,0.2959,0.0261,-0.0199,0.1043,0.0146,3412000000.0,799000000.0,1.98,0.0093,2.0196,0.0093,2.01,3162000000.0,27000000.0,3189000000.0,0.1116,0.0808,HPE
2018-04-30 00:00:00,30303000000.0,21429000000.0,8874000000.0,1550000000.0,5042000000.0,510000000.0,,-1459000000.0,262000000.0,-949000000.0,-3944000000.0,2995000000.0,2903000000.0,1.82,0.2928,0.0168,-0.0313,0.0958,0.0061,3219000000.0,510000000.0,1.86,-0.06,1.822,-0.06,1.88,2995000000.0,-92000000.0,2903000000.0,0.1062,0.0718,HPE
2018-01-31 00:00:00,29643000000.0,21018000000.0,8625000000.0,1523000000.0,5026000000.0,339000000.0,,-1059000000.0,270000000.0,-720000000.0,-2387000000.0,1667000000.0,1513000000.0,0.95,0.291,0.0114,-0.0243,0.051,0.0167,3185000000.0,339000000.0,1.03,-0.09,0.9516,-0.09,1.04,1667000000.0,-154000000.0,1513000000.0,0.1074,0.09,HPE
2017-10-31 00:00:00,28871000000.0,20202000000.0,8669000000.0,1490000000.0,5012000000.0,564000000.0,,-292000000.0,327000000.0,272000000.0,-164000000.0,436000000.0,344000000.0,0.21,0.3003,0.0195,0.0094,0.0119,-0.0389,3615000000.0,564000000.0,0.26,-0.05,0.209,-0.05,0.26,436000000.0,-92000000.0,344000000.0,0.1252,0.0462,HPE
2017-07-31 00:00:00,22253000000.0,15633000000.0,6620000000.0,1079000000.0,3877000000.0,1272000000.0,,-52000000.0,334000000.0,1220000000.0,971000000.0,249000000.0,122000000.0,0.07,0.2975,0.0572,0.0548,0.0055,0.0035,4513000000.0,1272000000.0,0.1298,-0.0689,0.0458,-0.0788,0.1184,249000000.0,-127000000.0,122000000.0,0.2028,0.1265,HPE
2017-04-30 00:00:00,22757000000.0,15416000000.0,7341000000.0,1240000000.0,4167000000.0,3716000000.0,,-57000000.0,316000000.0,3659000000.0,1238000000.0,2421000000.0,2229000000.0,1.32,0.3226,0.1633,0.1608,0.0979,0.0244,7174000000.0,3716000000.0,1.3898,-0.1089,1.2969,-0.1188,1.4084,2421000000.0,-192000000.0,2229000000.0,0.3152,0.157,HPE
2017-01-31 00:00:00,24458000000.0,16084000000.0,8374000000.0,1485000000.0,4586000000.0,3972000000.0,,-96000000.0,282000000.0,3876000000.0,655000000.0,3221000000.0,3161000000.0,1.88,0.3424,0.1624,0.1585,0.1292,0.042,7598000000.0,3972000000.0,1.8598,-0.03,1.8515,-0.04,1.8884,3221000000.0,-60000000.0,3161000000.0,0.3107,0.1611,HPE
2016-10-31 00:00:00,30280000000.0,20507000000.0,9773000000.0,1714000000.0,5380000000.0,3903000000.0,,-43000000.0,284000000.0,3860000000.0,623000000.0,3237000000.0,3161000000.0,1.87,0.3228,0.1289,0.1275,0.1044,0.0735,7678000000.0,3903000000.0,1.86,,1.8431,,1.89,3237000000.0,,3161000000.0,0.2536,0.167,HPE
2016-07-31 00:00:00,54952000000.0,39031000000.0,15921000000.0,2691000000.0,8310000000.0,4388000000.0,,218000000.0,519000000.0,4606000000.0,237000000.0,4369000000.0,4182000000.0,2.45,0.2897,0.0799,0.0838,0.0761,-0.0024,8279000000.0,4388000000.0,2.4867,,2.4229,,2.5358,4369000000.0,,4182000000.0,0.1507,0.0471,HPE
2016-04-30 00:00:00,60004000000.0,43249000000.0,16755000000.0,2742000000.0,8775000000.0,1987000000.0,,303000000.0,446000000.0,2290000000.0,154000000.0,2136000000.0,2134000000.0,1.23,0.2792,0.0331,0.0382,0.0356,-0.002,5913000000.0,1987000000.0,1.1788,,1.1955,,1.2,2136000000.0,,2134000000.0,0.0985,0.0489,HPE
2016-01-31 00:00:00,64044000000.0,46747000000.0,17297000000.0,2673000000.0,9101000000.0,1964000000.0,,394000000.0,424000000.0,2358000000.0,239000000.0,2119000000.0,2119000000.0,1.21,0.2701,0.0307,0.0368,0.0331,-0.0002,5903000000.0,1964000000.0,1.1651,,1.1791,,1.1791,2119000000.0,,2119000000.0,0.0922,0.0471,HPE
2015-10-31 00:00:00,64373000000.0,47068000000.0,17305000000.0,2620000000.0,9076000000.0,2312000000.0,,441000000.0,362000000.0,2753000000.0,354000000.0,2399000000.0,2399000000.0,1.36,0.2688,0.0359,0.0428,0.0373,0.0108,6259000000.0,2312000000.0,1.3132,,1.3307,,1.3307,2399000000.0,,2399000000.0,0.0972,0.0569,HPE
2015-07-31 00:00:00,67065000000.0,49130000000.0,17935000000.0,2562000000.0,,29810000000.0,,,190000000.0,3122000000.0,716000000.0,,2406000000.0,,0.2674,0.0,0.0466,0.0359,0.0802,32769000000.0,,,,,,,,,,0.4886,0.16,HPE
2015-04-30 00:00:00,,,,,,,,,,,,,,,,,,,0.0,,,,,,,,,,,,0.0,HPE
2015-01-31 00:00:00,,,,,,,,,,,,,,,,,,,0.0,,,,,,,,,,,,0.0,HPE
