Date,Revenue,Cost of Revenue,Gross Profit,SG&A Expenses,Operating Income,Interest Expense (Operating),Non-operating Income/Expense,Non-operating Interest Expenses,EBT,Income Tax Provision,Income after Tax,Share of Subsidiary Earnings,Net Income Common,EPS (Basic),Gross Margin,EBIT Margin,EBT margin,Net Profit Margin,Free Cash Flow Margin,EBITDA,EBIT,"EPS (Diluted, from Cont. Ops)","EPS (Diluted, from Disc. Ops)","EPS (Basic, Consolidated)","EPS (Basic, from Discontinued Ops)","EPS (Basic, from Continuous Ops)",Income from Continuous Operations,Income from Discontinued Operations,Consolidated Net Income/Loss,EBITDA Margin,Operating Cash Flow Margin,Ticker
2022-09-30 00:00:00,12607000000.0,8932000000.0,3675000000.0,2916656000.0,875656300.0,35000000.0,2000000.0,11000000.0,851000000.0,198000000.0,653199000.0,14327000.0,638000000.0,4.59,0.2915,0.0695,0.0675,0.0506,0.0419,1107000000.0,875656300.0,4.5943,,4.8694,,4.6644,667526000.0,,667000000.0,0.0878,0.0495,HSIC
2022-06-30 00:00:00,12718000000.0,9000000000.0,3718000000.0,2969656000.0,875656300.0,31000000.0,-9000000.0,8000000.0,852000000.0,201000000.0,650199000.0,24327000.0,643000000.0,4.65,0.2923,0.0689,0.067,0.0506,0.0509,1096000000.0,875656300.0,4.6104,,4.8873,,4.6823,674526000.0,,667000000.0,0.0862,0.058,HSIC
2022-03-31 00:00:00,12655000000.0,8946000000.0,3709000000.0,2924656000.0,865656300.0,28000000.0,-8000000.0,12000000.0,843000000.0,196000000.0,646199000.0,25327000.0,639000000.0,4.61,0.2931,0.0684,0.0666,0.0505,0.0518,1083000000.0,865656300.0,4.5655,,4.8398,,4.6348,671526000.0,,664000000.0,0.0856,0.0585,HSIC
2021-12-31 00:00:00,12401000000.0,8727000000.0,3674000000.0,2856656000.0,851656300.0,27000000.0,-7000000.0,16000000.0,830000000.0,196000000.0,633199000.0,27327000.0,624000000.0,4.48,0.2963,0.0687,0.0669,0.0503,0.0509,1063000000.0,851656300.0,4.45,,4.7149,,4.5099,660526000.0,,653000000.0,0.0857,0.0572,HSIC
2021-09-30 00:00:00,12235725000.0,8682045000.0,3553679700.0,2624100000.0,832199500.0,31000000.0,-20270000.0,25968000.0,806930000.0,182409000.0,623521000.0,31108000.0,619633000.0,4.43,0.2904,0.068,0.0659,0.0506,0.0591,1029222500.0,832199600.0,4.566,0.0028,4.6467,0.0059,4.6107,654629000.0,1268000.0,648341000.0,0.0841,0.064,HSIC
2021-06-30 00:00:00,11897871000.0,8501923000.0,3395947800.0,2482705000.0,808870600.0,35000000.0,-30786000.0,36079000.0,778085000.0,162414000.0,615671000.0,21771000.0,606330000.0,4.28,0.2854,0.068,0.0654,0.051,0.0658,999462600.0,808870700.0,4.3581,,4.5004,0.0059,4.3982,637442000.0,,638125000.0,0.084,0.07,HSIC
2021-03-31 00:00:00,10615270000.0,7656056000.0,2959213800.0,2293470000.0,591437600.0,39000000.0,-34566000.0,39565000.0,556872000.0,114464000.0,442408000.0,17182000.0,439533000.0,3.09,0.2788,0.0557,0.0525,0.0414,0.0512,778992600.0,591437700.0,3.1204,0.0069,3.2388,0.0059,3.1498,459590000.0,,460858000.0,0.0734,0.055,HSIC
2020-12-31 00:00:00,10119141000.0,7304913000.0,2814227800.0,2246832000.0,535302600.0,41000000.0,-35408000.0,41377000.0,499895000.0,95374000.0,404521000.0,13916000.0,403794000.0,2.83,0.2781,0.0529,0.0494,0.0399,0.0544,720840600.0,535302700.0,2.81,0.0069,2.9432,0.0059,2.83,418437000.0,986000.0,419423000.0,0.0712,0.0592,HSIC
2020-09-30 00:00:00,9622357000.0,6857211000.0,2765146100.0,2188054900.0,550437600.0,38000000.0,-30989000.0,38742000.0,519448000.0,108154000.0,411294000.0,197706000.0,591023000.0,4.1,0.2874,0.0572,0.054,0.0614,0.0495,737684600.0,550437100.0,4.04,-0.0062,4.193,-0.01,4.07,609000000.0,-473000.0,608527100.0,0.0767,0.0563,HSIC
2020-06-30 00:00:00,9290978000.0,6518933000.0,2772045100.0,2203220900.0,549964500.0,,-29080000.0,40004000.0,520884000.0,121113000.0,399771000.0,200628000.0,589883000.0,4.06,0.2984,0.0592,0.0561,0.0635,0.047,739497500.0,549964000.0,3.96,0.0318,4.1385,0.03,3.99,600399000.0,5197000.0,605596100.0,0.0796,0.0551,HSIC
2020-03-31 00:00:00,10054406000.0,6969196000.0,3085210000.0,2350673900.0,719685300.0,,-30847000.0,42303000.0,688838000.0,157943000.0,530895000.0,204773000.0,715212000.0,4.91,0.3069,0.0716,0.0685,0.0711,0.0679,911310300.0,719684800.0,4.82,0.0177,5.0363,0.02,4.86,735668000.0,2391000.0,738059100.0,0.0906,0.0762,HSIC
2019-12-31 00:00:00,9985803000.0,6894917000.0,3090886100.0,2357919900.0,718261200.0,,-37954000.0,50792000.0,680307000.0,159515000.0,520792000.0,204669000.0,694734000.0,4.73,0.3095,0.0719,0.0681,0.0696,0.0579,903203200.0,718260700.0,4.69,-0.0423,4.8651,-0.04,4.74,725461000.0,-6323000.0,719138100.0,0.0904,0.0655,HSIC
2019-09-30 00:00:00,9789418000.0,6758199000.0,3031219300.0,2300881900.0,679928200.0,,-49649000.0,62906000.0,630280000.0,138104000.0,492176000.0,20979000.0,497845000.0,3.34,0.3096,0.0695,0.0644,0.0509,0.0597,852838200.0,679928400.0,3.24,0.058,3.4965,0.06,3.27,513155000.0,8548000.0,521703000.0,0.0871,0.067,HSIC
2019-06-30 00:00:00,9636216000.0,6643805000.0,2992411100.0,2278161900.0,615999000.0,,-58130000.0,70963000.0,557870000.0,112773000.0,445097000.0,21093000.0,478766000.0,3.18,0.3105,0.0639,0.0579,0.0497,0.0545,777837000.0,615999200.0,2.92,0.22,3.3172,0.22,2.95,466190000.0,33636000.0,499826000.0,0.0807,0.062,HSIC
2019-03-31 00:00:00,9504421000.0,6561113000.0,2943308200.0,2237666900.0,610819100.0,,-61531000.0,75413000.0,549289000.0,110772000.0,438517000.0,20847000.0,505446000.0,3.33,0.3097,0.0643,0.0578,0.0532,0.0682,759043100.0,610819300.0,2.86,0.43,3.4745,0.43,2.88,459364000.0,68775000.0,528139000.0,0.0799,0.076,HSIC
2018-12-31 00:00:00,9417603000.0,6506856000.0,2910747000.0,2217272900.0,600617900.0,,-63783000.0,76016000.0,536836000.0,107432000.0,429404000.0,21037000.0,535881000.0,3.52,0.3091,0.0638,0.057,0.0569,0.0651,744247900.0,600618100.0,2.8,0.68,3.6823,0.68,2.82,450441000.0,111685000.0,562126000.0,0.079,0.0727,HSIC
2018-09-30 00:00:00,6684996500.0,4276664800.0,2408331400.0,1850594900.0,494200100.0,,-61841000.0,68579000.0,432359000.0,239353000.0,193006000.0,242000.0,394373000.0,2.58,0.3603,0.0739,0.0647,0.059,0.0856,593707100.0,494200100.0,1.0454,0.5931,2.8316,0.5881,1.0571,193248000.0,97561000.0,431626000.0,0.0888,0.0941,HSIC
2018-06-30 00:00:00,7490514500.0,4968487800.0,2522026500.0,1921049900.0,584479200.0,,-53582000.0,61577000.0,530897000.0,282060000.0,248837000.0,-888000.0,410926000.0,2.66,0.3367,0.078,0.0709,0.0549,0.0708,696943100.0,584479200.0,1.4091,0.4031,2.9612,0.4031,1.4191,247949000.0,69205000.0,455598000.0,0.093,0.0783,HSIC
2018-03-31 00:00:00,8233940500.0,5591068800.0,2642871600.0,1996837900.0,638033400.0,,-46997000.0,56540000.0,591036000.0,306487000.0,284549000.0,-1609000.0,405769000.0,2.6,0.321,0.0775,0.0718,0.0493,0.0569,762845300.0,638033400.0,1.6294,0.2043,2.9475,0.2044,1.6473,282940000.0,36512000.0,457671000.0,0.0926,0.064,HSIC
2017-12-31 00:00:00,8883438500.0,6136775800.0,2746662600.0,2071575900.0,669761700.0,,-39967000.0,51066000.0,629794000.0,308975000.0,320819000.0,-2343000.0,406299000.0,2.57,0.3092,0.0754,0.0709,0.0457,0.0544,803616600.0,669761700.0,1.8499,,2.9294,,1.87,318476000.0,,459293000.0,0.0905,0.0614,HSIC
2017-09-30 00:00:00,12264423000.0,8906790000.0,3357633100.0,2509394100.0,832159900.0,,-30371000.0,46967000.0,801789000.0,215135000.0,586654000.0,17602000.0,554050000.0,3.505,0.2738,0.0679,0.0654,0.0452,0.04,1017388800.0,832160400.0,3.7851,,3.8267,,3.8267,604256000.0,,604256000.0,0.083,0.0466,HSIC
2017-06-30 00:00:00,11968488000.0,8659234000.0,3309254100.0,2468472100.0,819332900.0,,-26088000.0,41027000.0,793245000.0,212396000.0,580849000.0,17750000.0,549732000.0,3.45,0.2765,0.0685,0.0663,0.0459,0.045,998252900.0,819333400.0,3.7189,,3.7627,,3.7627,598599000.0,,598599000.0,0.0834,0.0517,HSIC
2017-03-31 00:00:00,11781660000.0,8510110000.0,3271550000.0,2440370100.0,789347800.0,,-22268000.0,36196000.0,767080000.0,203055000.0,564025000.0,18090000.0,533774000.0,3.325,0.2777,0.067,0.0651,0.0453,0.0503,962909800.0,789348300.0,3.5863,,3.6315,,3.6315,582115000.0,,582115000.0,0.0817,0.0567,HSIC
2016-12-31 00:00:00,11571668000.0,8345196000.0,3226472100.0,2409008100.0,771573600.0,,-15739000.0,31893000.0,755835000.0,217958000.0,537877000.0,18518000.0,506778000.0,3.13,0.2788,0.0667,0.0653,0.0438,0.0495,941353600.0,771574100.0,3.3984,,3.4422,,3.4422,556395000.0,,556395000.0,0.0813,0.0555,HSIC
2016-09-30 00:00:00,11301651000.0,8140693000.0,3160958700.0,2360454000.0,758284300.0,,-12602000.0,29140000.0,745683000.0,218347000.0,527336000.0,16429000.0,497510000.0,3.045,0.2797,0.0671,0.066,0.044,0.0567,924349300.0,758284300.0,3.2902,,3.3337,,3.3337,543765000.0,,543765000.0,0.0818,0.0624,HSIC
2016-06-30 00:00:00,11122338000.0,8000147000.0,3122191700.0,2330458000.0,746445200.0,,-11501000.0,27949000.0,734945000.0,210978000.0,523967000.0,15903000.0,491532000.0,2.99,0.2807,0.0671,0.0661,0.0442,0.0512,912795200.0,746445200.0,3.2435,,3.2889,,3.2889,539870000.0,,539870000.0,0.0821,0.057,HSIC
2016-03-31 00:00:00,10879028000.0,7807628000.0,3071400800.0,2290475000.0,748798500.0,,-11168000.0,26872000.0,737631000.0,215797000.0,521834000.0,14546000.0,489363000.0,2.965,0.2823,0.0688,0.0678,0.045,0.0456,911743500.0,748798500.0,3.205,,3.2522,,3.2522,536380000.0,,536380000.0,0.0838,0.0519,HSIC
2015-12-31 00:00:00,10629718000.0,7622765000.0,3006953800.0,2238051000.0,733971600.0,,-13214000.0,26008000.0,720758000.0,211391000.0,509367000.0,14060000.0,479058000.0,2.89,0.2829,0.069,0.0678,0.0451,0.0512,893098600.0,733971600.0,3.111,,3.1591,,3.1591,523427000.0,,523427000.0,0.084,0.0579,HSIC
2015-09-30 00:00:00,10480897000.0,7503452000.0,2977445000.0,2218702000.0,736221100.0,,-12416000.0,25699000.0,723805000.0,211506000.0,512299000.0,14240000.0,482076000.0,2.895,0.2841,0.0702,0.0691,0.046,0.0467,894682100.0,736220900.0,3.1135,,3.1638,,3.1638,526539000.0,,526539000.0,0.0854,0.0537,HSIC
2015-06-30 00:00:00,10418791000.0,7468588000.0,2950203000.0,2214692000.0,721427200.0,,-12283000.0,25682000.0,709144000.0,213576000.0,495568000.0,13811000.0,469117000.0,2.805,0.2832,0.0692,0.0681,0.045,0.053,876351200.0,721427000.0,2.9997,,3.0493,,3.0493,509379000.0,,509379000.0,0.0841,0.0604,HSIC
2015-03-31 00:00:00,10404877000.0,7476880000.0,2927996900.0,2201894000.0,719240900.0,,-10295000.0,25062000.0,708946000.0,215114000.0,493832000.0,13056000.0,467425000.0,2.78,0.2814,0.0691,0.0681,0.0449,0.0521,872491900.0,719240700.0,2.9697,,3.0201,,3.0201,506888000.0,,506888000.0,0.0839,0.0597,HSIC
2014-12-31 00:00:00,10371390000.0,7460075000.0,2911314800.0,2196173000.0,715141800.0,,-5830000.0,24057000.0,709312000.0,215610000.0,493702000.0,11734000.0,466077000.0,2.76,0.2807,0.069,0.0684,0.0449,0.0492,867379800.0,715141600.0,2.9475,,2.9991,,2.9991,505436000.0,,505436000.0,0.0836,0.0571,HSIC
2014-09-30 00:00:00,10195664000.0,7349293000.0,2846371700.0,2147287900.0,699083000.0,,-3052000.0,22078000.0,696031000.0,211851000.0,484180000.0,12270000.0,457379000.0,2.695,0.2792,0.0686,0.0683,0.0449,0.0501,843705000.0,699083200.0,2.8813,,2.9307,,2.9307,496450000.0,,496450000.0,0.0828,0.0582,HSIC
2014-06-30 00:00:00,9920891000.0,7156539000.0,2764352800.0,2078879900.0,685472200.0,,-292000.0,20849000.0,685180000.0,195209000.0,489971000.0,-1385000.0,449981000.0,2.64,0.2786,0.0691,0.0691,0.0454,0.0499,822760200.0,685472400.0,2.82,,2.8714,,2.8714,488586000.0,,488586000.0,0.0829,0.0576,HSIC
2014-03-31 00:00:00,9697295000.0,6991559000.0,2705736900.0,2025042900.0,680693400.0,,-691000.0,20069000.0,680002000.0,194662000.0,485340000.0,-2436000.0,442175000.0,2.585,0.279,0.0702,0.0701,0.0456,0.0598,812471400.0,680693600.0,2.771,,2.8233,,2.8233,482904000.0,,482904000.0,0.0838,0.0667,HSIC
2013-12-31 00:00:00,9560647000.0,6904633000.0,2656015000.0,1978959900.0,677054500.0,,-12360000.0,27538000.0,664694000.0,190891000.0,473803000.0,-2341000.0,431554000.0,2.515,0.2778,0.0708,0.0695,0.0451,0.0632,811292500.0,677054700.0,2.6903,,2.7434,,2.7434,471462000.0,,471462000.0,0.0849,0.0695,HSIC
2013-09-30 00:00:00,9442715000.0,6822726000.0,2619989300.0,1948476000.0,671512500.0,,-16744000.0,30911000.0,654769000.0,189395000.0,465374000.0,-7166000.0,419753000.0,2.43,0.2775,0.0711,0.0693,0.0445,0.0564,807129500.0,671512100.0,2.5974,,2.6581,,2.6581,458208000.0,,458208000.0,0.0855,0.0624,HSIC
2013-06-30 00:00:00,9324817000.0,6735431000.0,2589386300.0,1928728000.0,660657500.0,,-19229000.0,33168000.0,641429000.0,199444000.0,441985000.0,5161000.0,409146000.0,2.36,0.2777,0.0708,0.0688,0.0439,0.0497,795029500.0,660657100.0,2.5191,,2.5807,,2.5807,447146000.0,,447146000.0,0.0853,0.0552,HSIC
2013-03-31 00:00:00,9134459000.0,6590534000.0,2543925100.0,1901270000.0,639294200.0,,-20880000.0,35989000.0,618415000.0,191870000.0,426545000.0,6468000.0,398802000.0,2.285,0.2785,0.07,0.0677,0.0437,0.0403,772792200.0,639293800.0,2.4214,,2.484,,2.484,433013000.0,,433013000.0,0.0846,0.0458,HSIC
2012-12-31 00:00:00,8939967000.0,6432454000.0,2507513200.0,1873360000.0,618960300.0,,-14773000.0,30902000.0,604188000.0,187858000.0,416330000.0,7058000.0,388076000.0,2.215,0.2805,0.0692,0.0676,0.0434,0.0399,744282300.0,618959900.0,2.3568,,2.4194,,2.4194,423388000.0,,423388000.0,0.0833,0.0456,HSIC
