Date,Revenue,Cost of Revenue,Gross Profit,R&D Expenses,SG&A Expenses,Operating Income,Interest Expense (Operating),Non-operating Income/Expense,Non-operating Interest Expenses,EBT,Income Tax Provision,Income after Tax,Net Income Common,EPS (Basic),Gross Margin,EBIT Margin,EBT margin,Net Profit Margin,Free Cash Flow Margin,EBITDA,EBIT,"EPS (Diluted, from Cont. Ops)","EPS (Diluted, from Disc. Ops)","EPS (Basic, Consolidated)","EPS (Basic, from Discontinued Ops)","EPS (Basic, from Continuous Ops)",Income from Continuous Operations,Income from Discontinued Operations,Consolidated Net Income/Loss,EBITDA Margin,Operating Cash Flow Margin,Ticker
2022-09-30 00:00:00,60533000000.0,27979000000.0,32554000000.0,6588000000.0,18745000000.0,7221000000.0,869000000.0,-6510000000.0,1207000000.0,712000000.0,-662000000.0,1374000000.0,1262000000.0,1.42,0.5378,0.1193,0.0118,0.0208,0.1288,12267000000.0,7221000000.0,1.49,-0.12,1.4363,-0.12,1.57,1375000000.0,-114000000.0,1261000000.0,0.2026,0.1489,IBM
2022-06-30 00:00:00,59677000000.0,27447000000.0,32230000000.0,6583000000.0,18660000000.0,6987000000.0,1061000000.0,-962000000.0,1202000000.0,6026000000.0,401000000.0,5625000000.0,5588000000.0,6.22,0.5401,0.1171,0.101,0.0936,0.1418,12554000000.0,6987000000.0,6.2,-0.04,6.2185,-0.04,6.26,5626000000.0,-39000000.0,5587000000.0,0.2104,0.1647,IBM
2022-03-31 00:00:00,58360000000.0,26567000000.0,31793000000.0,6551000000.0,18654000000.0,6588000000.0,1113000000.0,-1372000000.0,1186000000.0,5216000000.0,245000000.0,4971000000.0,5521000000.0,6.16,0.5448,0.1129,0.0894,0.0946,0.1645,12589000000.0,6588000000.0,5.49,0.61,6.1548,0.61,5.55,4971000000.0,549000000.0,5520000000.0,0.2157,0.1907,IBM
2021-12-31 00:00:00,57350000000.0,25865000000.0,31485000000.0,6488000000.0,18745000000.0,6252000000.0,1089000000.0,-1416000000.0,1155000000.0,4837000000.0,124000000.0,4713000000.0,5743000000.0,6.41,0.549,0.109,0.0843,0.1001,0.1939,12669000000.0,6252000000.0,5.21,1.14,6.4084,1.15,5.26,4712000000.0,1030000000.0,5742000000.0,0.2209,0.2231,IBM
2021-09-30 00:00:00,42581000000.0,14782000000.0,27799000000.0,6403000000.0,18554000000.0,2842000000.0,1160000000.0,-1648000000.0,1167000000.0,1192000000.0,-754000000.0,1946000000.0,4766000000.0,5.33,0.6528,0.0667,0.028,0.1119,0.3329,9577000000.0,2842000000.0,2.17,1.38,5.3175,1.39,2.17,1946000000.0,2821000000.0,4767000000.0,0.2249,0.3784,IBM
2021-06-30 00:00:00,46890000000.0,17767000000.0,29123000000.0,6312000000.0,18895000000.0,3916000000.0,1190000000.0,-1709000000.0,1200000000.0,2206000000.0,-402000000.0,2608000000.0,5334000000.0,5.97,0.6211,0.0835,0.047,0.1138,0.3316,10650000000.0,3916000000.0,2.9,1.28,5.974,1.29,2.93,2607000000.0,2727000000.0,5334000000.0,0.2271,0.3771,IBM
2021-03-31 00:00:00,50795000000.0,20826000000.0,29969000000.0,6253000000.0,19294000000.0,4422000000.0,1254000000.0,-1558000000.0,1242000000.0,2865000000.0,-294000000.0,3159000000.0,5370000000.0,6.02,0.59,0.0871,0.0564,0.1057,0.3235,11155000000.0,4422000000.0,3.52,0.71,6.0238,0.72,3.55,3159000000.0,2211000000.0,5370000000.0,0.2196,0.3669,IBM
2020-12-31 00:00:00,55179000000.0,24314000000.0,30865000000.0,6262000000.0,20561000000.0,4042000000.0,1328000000.0,-1470000000.0,1288000000.0,2572000000.0,-1360000000.0,3932000000.0,5590000000.0,6.27,0.5594,0.0733,0.0466,0.1013,0.2857,10737000000.0,4042000000.0,4.38,0.1,6.2783,0.1,4.42,3932000000.0,1658000000.0,5590000000.0,0.1946,0.3298,IBM
2020-09-30 00:00:00,55597000000.0,24401000000.0,31196000000.0,6239000000.0,19403000000.0,5554000000.0,1329000000.0,-1176000000.0,1326000000.0,4382000000.0,-1236000000.0,5618000000.0,7904000000.0,8.89,0.5611,0.0999,0.0788,0.1422,0.2429,12200000000.0,5554000000.0,6.26,-0.0089,8.8927,0.0011,6.3,5617000000.0,2286000000.0,7903000000.0,0.2194,0.284,IBM
2020-06-30 00:00:00,56065000000.0,24963000000.0,31102000000.0,6277000000.0,19780000000.0,5045000000.0,,-969000000.0,1435000000.0,4077000000.0,-1515000000.0,5592000000.0,7878000000.0,8.88,0.5547,0.09,0.0727,0.1405,0.2315,11677000000.0,5045000000.0,6.24,-0.0089,8.8761,0.0011,6.29,5592000000.0,2286000000.0,7878000000.0,0.2083,0.2697,IBM
2020-03-31 00:00:00,57103000000.0,25689000000.0,31414000000.0,6102000000.0,19988000000.0,5324000000.0,,-49000000.0,1460000000.0,5274000000.0,-1455000000.0,6729000000.0,9015000000.0,10.17,0.5501,0.0932,0.0924,0.1579,0.2209,11571000000.0,5324000000.0,7.53,-0.0089,10.1644,0.0011,7.58,6729000000.0,2286000000.0,9015000000.0,0.2026,0.2537,IBM
2019-12-31 00:00:00,57714000000.0,26180000000.0,31534000000.0,5910000000.0,18724000000.0,6900000000.0,,307000000.0,1344000000.0,7206000000.0,60000000.0,7146000000.0,9431000000.0,10.64,0.5464,0.1196,0.1249,0.1634,0.2256,12959000000.0,6900000000.0,8.0,-0.0089,10.6296,0.0011,8.05,7146000000.0,2285000000.0,9431000000.0,0.2245,0.2559,IBM
2019-09-30 00:00:00,77131000000.0,41053000000.0,36078000000.0,5751000000.0,19872000000.0,10455000000.0,,156000000.0,1184000000.0,10607000000.0,2889000000.0,7718000000.0,7712000000.0,8.67,0.4677,0.1355,0.1375,0.1,0.1744,15976000000.0,10455000000.0,8.61,0.0067,8.6576,0.0067,8.66,7719000000.0,-6000000.0,7713000000.0,0.2071,0.2002,IBM
2019-06-30 00:00:00,77859000000.0,41313000000.0,36546000000.0,5450000000.0,19211000000.0,11885000000.0,,200000000.0,943000000.0,12081000000.0,3344000000.0,8737000000.0,8734000000.0,9.73,0.4694,0.1526,0.1552,0.1122,0.1771,16875000000.0,11885000000.0,9.68,0.0089,9.727,0.0089,9.72,8738000000.0,-3000000.0,8735000000.0,0.2167,0.2062,IBM
2019-03-31 00:00:00,78701000000.0,41967000000.0,36734000000.0,5407000000.0,18612000000.0,12715000000.0,,-624000000.0,768000000.0,12089000000.0,3448000000.0,8641000000.0,8640000000.0,9.54,0.4668,0.1616,0.1536,0.1098,0.1597,17527000000.0,12715000000.0,9.48,0.01,9.5344,0.01,9.53,8641000000.0,-1000000.0,8640000000.0,0.2227,0.1957,IBM
2018-12-31 00:00:00,79591000000.0,42654000000.0,36937000000.0,5379000000.0,19366000000.0,12192000000.0,,-849000000.0,723000000.0,11342000000.0,2619000000.0,8723000000.0,8728000000.0,9.57,0.4641,0.1532,0.1425,0.1097,0.152,16672000000.0,12192000000.0,9.51,0.01,9.5696,0.01,9.56,8723000000.0,5000000.0,8728000000.0,0.2095,0.1916,IBM
2018-09-30 00:00:00,80373000000.0,43076000000.0,37297000000.0,5400000000.0,19679000000.0,12218000000.0,,-846000000.0,694000000.0,11376000000.0,5658000000.0,5718000000.0,5723000000.0,6.26,0.464,0.152,0.1415,0.0712,0.1693,16735000000.0,12218000000.0,6.25,0.0065,6.29,0.0065,6.29,5716000000.0,6000000.0,5722000000.0,0.2082,0.2098,IBM
2018-06-30 00:00:00,80770000000.0,43295000000.0,37475000000.0,5439000000.0,19922000000.0,12114000000.0,,-674000000.0,671000000.0,11445000000.0,5693000000.0,5752000000.0,5755000000.0,6.24,0.464,0.15,0.1417,0.0713,0.1622,16669000000.0,12114000000.0,6.23,0.0043,6.2665,0.0043,6.27,5750000000.0,4000000.0,5754000000.0,0.2064,0.2006,IBM
2018-03-31 00:00:00,80056000000.0,42812000000.0,37244000000.0,5511000000.0,20098000000.0,11635000000.0,,-526000000.0,645000000.0,11112000000.0,5431000000.0,5681000000.0,5682000000.0,6.1,0.4652,0.1453,0.1388,0.071,0.1813,16191000000.0,11635000000.0,6.1,0.0,6.1339,0.0,6.13,5680000000.0,2000000.0,5682000000.0,0.2022,0.217,IBM
2017-12-31 00:00:00,79139000000.0,42196000000.0,36943000000.0,5590000000.0,19680000000.0,11673000000.0,,-274000000.0,615000000.0,11400000000.0,5642000000.0,5758000000.0,5753000000.0,6.14,0.4668,0.1475,0.1441,0.0727,0.1763,16214000000.0,11673000000.0,6.14,-0.0058,6.1673,-0.0058,6.17,5758000000.0,-5000000.0,5753000000.0,0.2049,0.2113,IBM
2017-09-30 00:00:00,78368000000.0,41357000000.0,37011000000.0,5617000000.0,19442000000.0,11952000000.0,,-31000000.0,608000000.0,11916000000.0,600000000.0,11316000000.0,11308000000.0,12.02,0.4723,0.1525,0.1521,0.1443,0.1563,16471000000.0,11952000000.0,11.96,,12.009,,12.02,11317000000.0,-9000000.0,11308000000.0,0.2102,0.191,IBM
2017-06-30 00:00:00,78441000000.0,41399000000.0,37042000000.0,5723000000.0,19568000000.0,11751000000.0,,366000000.0,598000000.0,12114000000.0,670000000.0,11444000000.0,11435000000.0,12.08,0.4722,0.1498,0.1544,0.1458,0.1624,16221000000.0,11751000000.0,12.02,-0.01,12.0666,-0.01,12.08,11445000000.0,-10000000.0,11435000000.0,0.2068,0.1978,IBM
2017-03-31 00:00:00,79390000000.0,41614000000.0,37776000000.0,5752000000.0,19884000000.0,12140000000.0,,582000000.0,618000000.0,12720000000.0,1103000000.0,11617000000.0,11608000000.0,12.21,0.4758,0.1529,0.1602,0.1462,0.1576,16596000000.0,12140000000.0,12.15,-0.0131,12.1898,-0.0131,12.21,11618000000.0,-9000000.0,11609000000.0,0.209,0.1954,IBM
2016-12-31 00:00:00,79919000000.0,41402000000.0,38517000000.0,5726000000.0,20869000000.0,11922000000.0,,408000000.0,630000000.0,12330000000.0,449000000.0,11881000000.0,11872000000.0,12.44,0.482,0.1492,0.1543,0.1486,0.1744,16303000000.0,11922000000.0,12.39,-0.0199,12.426,-0.0199,12.44,11881000000.0,-9000000.0,11872000000.0,0.204,0.2138,IBM
2016-09-30 00:00:00,80206000000.0,41399000000.0,38807000000.0,5682000000.0,21251000000.0,11874000000.0,,568000000.0,600000000.0,12445000000.0,609000000.0,11836000000.0,11834000000.0,12.3,0.4838,0.148,0.1552,0.1475,0.1922,16118000000.0,11874000000.0,12.24,-0.0941,12.2852,-0.0941,12.28,11836000000.0,-1000000.0,11835000000.0,0.201,0.2323,IBM
2016-06-30 00:00:00,80260000000.0,41030000000.0,39230000000.0,5572000000.0,21250000000.0,12408000000.0,,394000000.0,559000000.0,12803000000.0,859000000.0,11944000000.0,11931000000.0,12.34,0.4888,0.1546,0.1595,0.1487,0.1922,16461000000.0,12408000000.0,12.28,,12.3199,,12.33,11944000000.0,-12000000.0,11932000000.0,0.2051,0.2336,IBM
2016-03-31 00:00:00,80835000000.0,40917000000.0,39918000000.0,5407000000.0,21080000000.0,13431000000.0,,547000000.0,507000000.0,13978000000.0,1013000000.0,12965000000.0,12876000000.0,13.23,0.4938,0.1662,0.1729,0.1593,0.1973,17342000000.0,13431000000.0,13.25,-0.1831,13.2145,-0.1831,13.3,12965000000.0,-89000000.0,12876000000.0,0.2145,0.2372,IBM
2015-12-31 00:00:00,81741000000.0,41057000000.0,40684000000.0,5247000000.0,20430000000.0,15007000000.0,,938000000.0,468000000.0,15945000000.0,2581000000.0,13364000000.0,13190000000.0,13.5,0.4977,0.1836,0.1951,0.1614,0.1718,18862000000.0,15007000000.0,13.6,,13.4763,,13.66,13364000000.0,-174000000.0,13190000000.0,0.2308,0.2111,IBM
2015-09-30 00:00:00,83796000000.0,41656000000.0,42140000000.0,5205000000.0,21306000000.0,15629000000.0,,2314000000.0,457000000.0,17940000000.0,3521000000.0,14419000000.0,14210000000.0,14.44,0.5029,0.1865,0.2141,0.1696,0.1738,19540000000.0,15629000000.0,14.51,-3.62,14.4035,-3.64,14.59,14418000000.0,-208000000.0,14210000000.0,0.2332,0.2123,IBM
2015-06-30 00:00:00,86913000000.0,43335000000.0,43578000000.0,5272000000.0,21856000000.0,16450000000.0,,2232000000.0,466000000.0,18680000000.0,3768000000.0,14912000000.0,11278000000.0,11.43,0.5014,0.1893,0.2149,0.1298,0.1629,20564000000.0,16450000000.0,14.95,-3.72,11.3963,-3.74,15.03,14911000000.0,-3633000000.0,11278000000.0,0.2366,0.2009,IBM
2015-03-31 00:00:00,90147000000.0,44916000000.0,45231000000.0,5333000000.0,22270000000.0,17628000000.0,,2175000000.0,487000000.0,19804000000.0,4166000000.0,15638000000.0,11966000000.0,12.06,0.5017,0.1955,0.2197,0.1327,0.1529,21947000000.0,17628000000.0,15.6,-3.78,12.0229,-3.8,15.69,15636000000.0,-3671000000.0,11965000000.0,0.2435,0.1903,IBM
2014-12-31 00:00:00,92793000000.0,46386000000.0,46407000000.0,5437000000.0,23180000000.0,17790000000.0,,2196000000.0,484000000.0,19986000000.0,4234000000.0,15752000000.0,12022000000.0,12.0,0.5001,0.1917,0.2154,0.1296,0.1458,22282000000.0,17790000000.0,15.59,,11.9708,,15.68,15751000000.0,-3729000000.0,12022000000.0,0.2401,0.1818,IBM
2014-09-30 00:00:00,95377000000.0,47388000000.0,47989000000.0,5312000000.0,23080000000.0,19597000000.0,,815000000.0,480000000.0,20414000000.0,3694000000.0,16720000000.0,12723000000.0,12.23,0.5032,0.2055,0.214,0.1334,0.146,24257000000.0,19597000000.0,16.0446,-3.96,12.1617,-3.98,16.1472,16720000000.0,-3998000000.0,12722000000.0,0.2543,0.1818,IBM
2014-06-30 00:00:00,96318000000.0,47773000000.0,48545000000.0,5314000000.0,23059000000.0,20172000000.0,,850000000.0,451000000.0,21025000000.0,3620000000.0,17405000000.0,16746000000.0,15.91,0.504,0.2094,0.2183,0.1739,0.1429,24868000000.0,20172000000.0,16.3546,-0.61,15.8479,-0.61,16.4572,17404000000.0,-659000000.0,16745000000.0,0.2582,0.1785,IBM
2014-03-31 00:00:00,97195000000.0,48561000000.0,48634000000.0,5501000000.0,24146000000.0,18987000000.0,,833000000.0,413000000.0,19821000000.0,3442000000.0,16379000000.0,15835000000.0,14.7,0.5004,0.1953,0.2039,0.1629,0.1374,23653000000.0,18987000000.0,15.0325,,14.6405,,15.1375,16379000000.0,,15835000000.0,0.2434,0.1727,IBM
2013-12-31 00:00:00,98367000000.0,49683000000.0,48684000000.0,5743000000.0,23451000000.0,19490000000.0,,753000000.0,402000000.0,20244000000.0,3363000000.0,16881000000.0,16483000000.0,15.12,0.4949,0.1981,0.2058,0.1676,0.1447,24168000000.0,19490000000.0,15.3,,15.0601,,15.42,16881000000.0,,16483000000.0,0.2457,0.1778,IBM
2013-09-30 00:00:00,99341000000.0,49872000000.0,49469000000.0,5642000000.0,23349000000.0,20478000000.0,,712000000.0,397000000.0,21191000000.0,4565000000.0,16626000000.0,16132000000.0,14.54,0.498,0.2061,0.2133,0.1624,0.1427,25094000000.0,20478000000.0,14.8068,,14.5045,,14.9373,16625000000.0,,16132000000.0,0.2526,0.1742,IBM
2013-06-30 00:00:00,100750000000.0,50979000000.0,49771000000.0,5820000000.0,23997000000.0,19954000000.0,,1340000000.0,424000000.0,21293000000.0,4984000000.0,16309000000.0,15915000000.0,14.2,0.494,0.1981,0.2113,0.158,0.1484,24586000000.0,19954000000.0,14.3632,,14.162,,14.5091,16309000000.0,,15914000000.0,0.244,0.1792,IBM
2013-03-31 00:00:00,101609000000.0,51689000000.0,49920000000.0,5859000000.0,23154000000.0,20907000000.0,,1404000000.0,443000000.0,22310000000.0,5346000000.0,16964000000.0,16570000000.0,14.65,0.4913,0.2058,0.2196,0.1631,0.1565,25579000000.0,20907000000.0,14.7955,,14.6094,,14.9565,16964000000.0,,16569000000.0,0.2517,0.1901,IBM
2012-12-31 00:00:00,102874000000.0,52513000000.0,50361000000.0,5816000000.0,23463000000.0,21082000000.0,,1458000000.0,459000000.0,22540000000.0,5541000000.0,16999000000.0,16604000000.0,14.58,0.4895,0.2049,0.2191,0.1614,0.1547,25758000000.0,21082000000.0,14.71,,14.5329,,14.88,16999000000.0,,16604000000.0,0.2504,0.1904,IBM
