Date,Revenue,Cost of Revenue,Gross Profit,SG&A Expenses,Operating Income,Interest Expense (Operating),Non-operating Income/Expense,Non-operating Interest Expenses,EBT,Income Tax Provision,Income after Tax,Net Income Common,EPS (Basic),Gross Margin,EBIT Margin,EBT margin,Net Profit Margin,Free Cash Flow Margin,EBITDA,EBIT,"EPS (Diluted, from Cont. Ops)","EPS (Basic, Consolidated)","EPS (Basic, from Continuous Ops)",Income from Continuous Operations,Consolidated Net Income/Loss,EBITDA Margin,Operating Cash Flow Margin,Ticker
2022-09-30 00:00:00,3086000000.0,1690600000.0,1395400000.0,635200000.0,738400000.0,31625000.0,61525000.0,38200000.0,739100000.0,163700000.0,575400000.0,575700000.0,7.56,0.4522,0.2393,0.2395,0.1866,0.1571,883838000.0,738400000.0,7.5571,7.5902,7.5902,575400000.0,575400000.0,0.2864,0.1793,IEX
2022-06-30 00:00:00,2974019000.0,1639750000.0,1334269000.0,619780000.0,697400000.0,31523000.0,17699000.0,38100000.0,661757000.0,149343000.0,512400000.0,512742000.0,6.71,0.4486,0.2345,0.2225,0.1724,0.1494,833096000.0,697400000.0,6.712,6.7426,6.7426,512400000.0,512414000.0,0.2801,0.1721,IEX
2022-03-31 00:00:00,2863919000.0,1580450000.0,1283469000.0,596880000.0,669100000.0,35644000.0,-15201000.0,39800000.0,614557000.0,138043000.0,476500000.0,476742000.0,6.23,0.4482,0.2336,0.2146,0.1665,0.1633,795896000.0,669100000.0,6.235,6.2654,6.2654,476500000.0,476514000.0,0.2779,0.1871,IEX
2021-12-31 00:00:00,2764819000.0,1531250000.0,1233569000.0,577480000.0,637000000.0,37779000.0,-28901000.0,41000000.0,579757000.0,130443000.0,449300000.0,449442000.0,5.88,0.4462,0.2304,0.2097,0.1626,0.1782,756796000.0,637000000.0,5.8809,5.9118,5.9118,449300000.0,449314000.0,0.2737,0.2045,IEX
2021-09-30 00:00:00,2664795100.0,1476281900.0,1188513100.0,551130000.0,613952100.0,46410000.0,-35047000.0,42242000.0,556388000.0,124684000.0,431690000.0,431732000.0,5.66,0.446,0.2304,0.2088,0.162,0.1891,722785100.0,613952100.0,5.6377,5.6751,5.6751,431690000.0,431704000.0,0.2712,0.2115,IEX
2021-06-30 00:00:00,2533889100.0,1414544900.0,1119344100.0,522020000.0,583965100.0,48423000.0,-57359000.0,43384000.0,526606000.0,106768000.0,419838000.0,419838000.0,5.53,0.4417,0.2305,0.2078,0.1657,0.1964,674566100.0,583965100.0,5.4924,5.5309,5.5309,419838000.0,419838000.0,0.2662,0.2213,IEX
2021-03-31 00:00:00,2409138100.0,1361093900.0,1048044100.0,497785000.0,536259100.0,49980000.0,-47858000.0,44623000.0,488401000.0,99899000.0,388502000.0,388502000.0,5.13,0.435,0.2226,0.2027,0.1613,0.2244,623119100.0,536259100.0,5.0879,5.1289,5.1289,388502000.0,388502000.0,0.2586,0.2465,IEX
2020-12-31 00:00:00,2351600100.0,1324199900.0,1027400100.0,494900000.0,520700100.0,47834000.0,-50400000.0,44800000.0,470300000.0,92500000.0,377800000.0,377800000.0,5.0,0.4369,0.2214,0.2,0.1607,0.2201,605900100.0,520700100.0,4.9449,4.9908,4.9908,377800000.0,377800000.0,0.2577,0.2421,IEX
2020-09-30 00:00:00,2342848100.0,1317741100.0,1025107000.0,495513000.0,515918300.0,,-53416000.0,44996000.0,462502000.0,88963000.0,373539000.0,373539000.0,4.95,0.4375,0.2202,0.1974,0.1594,0.2163,599184300.0,515918200.0,4.8953,4.9444,4.9444,373539000.0,373539000.0,0.2558,0.2386,IEX
2020-06-30 00:00:00,2385981100.0,1330396100.0,1055585000.0,506400000.0,526470300.0,,-56027000.0,45684000.0,470443000.0,95558000.0,374885000.0,374885000.0,4.96,0.4424,0.2207,0.1972,0.1571,0.2169,607877300.0,526470200.0,4.9019,4.9559,4.9559,374885000.0,374885000.0,0.2548,0.2357,IEX
2020-03-31 00:00:00,2466831100.0,1353709100.0,1113122000.0,520963000.0,571159300.0,,-47761000.0,44256000.0,523398000.0,106168000.0,417230000.0,417230000.0,5.52,0.4512,0.2315,0.2122,0.1691,0.1917,650805300.0,571159200.0,5.4507,5.5135,5.5135,417230000.0,417230000.0,0.2638,0.2125,IEX
2019-12-31 00:00:00,2494600100.0,1369600100.0,1125000000.0,525000000.0,579000300.0,,-46100000.0,44300000.0,532900000.0,107400000.0,425500000.0,425500000.0,5.63,0.451,0.2321,0.2136,0.1706,0.1913,657300300.0,579000200.0,5.5621,5.6284,5.6284,425500000.0,425500000.0,0.2635,0.2117,IEX
2019-09-30 00:00:00,2502670100.0,1370877900.0,1131792200.0,529607000.0,584271200.0,,-44579000.0,44298000.0,539692000.0,112884000.0,426808000.0,426808000.0,5.64,0.4522,0.2335,0.2156,0.1705,0.1912,661278200.0,584271100.0,5.5744,5.6411,5.6411,426808000.0,426808000.0,0.2642,0.212,IEX
2019-06-30 00:00:00,2501312100.0,1371264900.0,1130047200.0,531829000.0,587639200.0,,-43922000.0,43926000.0,543717000.0,115751000.0,427966000.0,427966000.0,5.64,0.4518,0.2349,0.2174,0.1711,0.1787,663719200.0,587639100.0,5.5693,5.6405,5.6405,427966000.0,427966000.0,0.2653,0.2026,IEX
2019-03-31 00:00:00,2493573100.0,1368495900.0,1125077200.0,534449000.0,580187200.0,,-44379000.0,44055000.0,535808000.0,113925000.0,421883000.0,421883000.0,5.54,0.4512,0.2327,0.2149,0.1692,0.1758,656671200.0,580187100.0,5.4659,5.5398,5.5398,421883000.0,421883000.0,0.2633,0.199,IEX
2018-12-31 00:00:00,2483666100.0,1365770900.0,1117895200.0,536724000.0,569088200.0,,-40149000.0,44134000.0,528939000.0,118366000.0,410573000.0,410573000.0,5.37,0.4501,0.2291,0.213,0.1653,0.1706,647964200.0,569088100.0,5.2934,5.3731,5.3731,410573000.0,410573000.0,0.2609,0.193,IEX
2018-09-30 00:00:00,2455476100.0,1350342100.0,1105134000.0,537603000.0,564895000.0,,-41179000.0,44067000.0,523716000.0,117534000.0,406182000.0,406182000.0,5.31,0.4501,0.2301,0.2133,0.1654,0.1659,645864000.0,564895000.0,5.2293,5.3128,5.3128,406182000.0,406182000.0,0.263,0.1881,IEX
2018-06-30 00:00:00,2407078100.0,1324247100.0,1082831000.0,538550000.0,546266000.0,,-42004000.0,44173000.0,504262000.0,120664000.0,383598000.0,383598000.0,5.01,0.4499,0.2269,0.2095,0.1594,0.1717,629905000.0,546266000.0,4.9413,5.0214,5.0214,383598000.0,383598000.0,0.2617,0.188,IEX
2018-03-31 00:00:00,2346084100.0,1293695100.0,1052389000.0,532794000.0,523568000.0,,-42590000.0,44337000.0,480978000.0,120662000.0,360316000.0,360316000.0,4.71,0.4486,0.2232,0.205,0.1536,0.1627,609469000.0,523568000.0,4.6471,4.7218,4.7218,360316000.0,360316000.0,0.2598,0.1788,IEX
2017-12-31 00:00:00,2287312100.0,1260634100.0,1026678000.0,524940000.0,502556000.0,,-47283000.0,44889000.0,455273000.0,118016000.0,337257000.0,337257000.0,4.41,0.4489,0.2197,0.199,0.1474,0.1727,588092000.0,502556000.0,4.3612,4.4241,4.4241,337257000.0,337257000.0,0.2571,0.1892,IEX
2017-09-30 00:00:00,2231826900.0,1233546000.0,998281000.0,516750000.0,452828900.0,,-48411000.0,45929000.0,404418000.0,103560000.0,300858000.0,300858000.0,3.93,0.4473,0.2029,0.1812,0.1348,0.1701,540336900.0,452828900.0,3.8989,3.9495,3.9495,300858000.0,300858000.0,0.2421,0.1847,IEX
2017-06-30 00:00:00,2187692900.0,1216453000.0,971240000.0,504438000.0,436032900.0,,-46094000.0,46778000.0,389939000.0,102976000.0,286963000.0,286963000.0,3.76,0.444,0.1993,0.1782,0.1312,0.1705,524514900.0,436032900.0,3.7272,3.7734,3.7734,286963000.0,286963000.0,0.2398,0.1891,IEX
2017-03-31 00:00:00,2164022900.0,1205650000.0,958373000.0,502881000.0,424722900.0,,-44596000.0,46679000.0,380127000.0,101249000.0,278878000.0,278878000.0,3.66,0.4429,0.1963,0.1757,0.1289,0.1732,513595900.0,424722900.0,3.6309,3.6743,3.6743,278878000.0,278878000.0,0.2373,0.1916,IEX
2016-12-31 00:00:00,2113042900.0,1182276000.0,930767000.0,492398000.0,412396900.0,,-43885000.0,45616000.0,368512000.0,97403000.0,271109000.0,271109000.0,3.57,0.4405,0.1952,0.1744,0.1283,0.1712,500583900.0,412396900.0,3.5321,3.5765,3.5765,271109000.0,271109000.0,0.2369,0.1893,IEX
2016-09-30 00:00:00,2082422000.0,1160741000.0,921681000.0,482711000.0,430386900.0,,-45935000.0,43833000.0,384452000.0,102927000.0,281525000.0,281525000.0,3.71,0.4426,0.2067,0.1846,0.1352,0.1652,516385900.0,430386900.0,3.6633,3.71,3.71,281525000.0,281525000.0,0.248,0.1839,IEX
2016-06-30 00:00:00,2055857000.0,1141805000.0,914052000.0,478391000.0,442491900.0,,-45071000.0,42149000.0,397421000.0,106264000.0,291157000.0,291157000.0,3.82,0.4446,0.2152,0.1933,0.1416,0.1628,526656900.0,442491900.0,3.7783,3.8232,3.8232,291157000.0,291157000.0,0.2562,0.1803,IEX
2016-03-31 00:00:00,2021042000.0,1119433000.0,901609000.0,469862000.0,438577900.0,,-46304000.0,41528000.0,392274000.0,107291000.0,284983000.0,284983000.0,3.71,0.4461,0.217,0.1941,0.141,0.1681,519700900.0,438577900.0,3.6789,3.7206,3.7206,284983000.0,284983000.0,0.2571,0.1887,IEX
2015-12-31 00:00:00,2020668000.0,1116353000.0,904315000.0,474156000.0,436989900.0,,-44645000.0,41636000.0,392345000.0,109538000.0,282807000.0,282807000.0,3.65,0.4475,0.2163,0.1942,0.14,0.1571,516721900.0,436989900.0,3.627,3.6668,3.6668,282807000.0,282807000.0,0.2557,0.1783,IEX
2015-09-30 00:00:00,2044769200.0,1134736000.0,910033100.0,481775000.0,427933100.0,,-38933000.0,41982000.0,389000000.0,112336000.0,276664000.0,276664000.0,3.54,0.4451,0.2093,0.1902,0.1353,0.1554,506198100.0,427933000.0,3.5247,3.5638,3.5638,276664000.0,276664000.0,0.2476,0.1776,IEX
2015-06-30 00:00:00,2074157200.0,1152738000.0,921419100.0,490780000.0,416967100.0,,-38914000.0,42214000.0,378053000.0,109453000.0,268600000.0,268600000.0,3.4,0.4442,0.201,0.1823,0.1295,0.1462,494522100.0,416967000.0,3.3876,3.427,3.427,268600000.0,268600000.0,0.2384,0.1688,IEX
2015-03-31 00:00:00,2105969200.0,1175033000.0,930936100.0,498118000.0,419146100.0,,-38045000.0,42035000.0,381101000.0,110309000.0,270792000.0,270792000.0,3.4,0.442,0.199,0.181,0.1286,0.1412,497034100.0,419146000.0,3.3834,3.4247,3.4247,270792000.0,270792000.0,0.236,0.163,IEX
2014-12-31 00:00:00,2147767200.0,1198452000.0,949315100.0,504419000.0,431224100.0,,-38784000.0,41895000.0,392440000.0,113054000.0,279386000.0,279386000.0,3.48,0.442,0.2008,0.1827,0.1301,0.1497,509854100.0,431224000.0,3.4609,3.5049,3.5049,279386000.0,279386000.0,0.2374,0.1713,IEX
2014-09-30 00:00:00,2144487900.0,1197281000.0,947207000.0,506564000.0,440643000.0,,-40850000.0,41805000.0,399793000.0,114472000.0,285321000.0,285321000.0,3.53,0.4417,0.2055,0.1864,0.133,0.1523,520282000.0,440643000.0,3.5098,3.5552,3.5552,285321000.0,285321000.0,0.2426,0.1717,IEX
2014-06-30 00:00:00,2101925900.0,1177856000.0,924070000.0,496905000.0,427165000.0,,-42091000.0,41914000.0,385074000.0,107395000.0,277679000.0,277679000.0,3.42,0.4396,0.2032,0.1832,0.1321,0.1654,506969000.0,427165000.0,3.399,3.4423,3.4423,277679000.0,277679000.0,0.2412,0.1837,IEX
2014-03-31 00:00:00,2073677900.0,1167891000.0,905787000.0,491151000.0,414636000.0,,-42719000.0,42106000.0,371917000.0,103454000.0,268463000.0,268463000.0,3.29,0.4368,0.2,0.1794,0.1295,0.1781,495095000.0,414636000.0,3.2707,3.3108,3.3108,268463000.0,268463000.0,0.2388,0.1946,IEX
2013-12-31 00:00:00,2024129900.0,1150766000.0,873364000.0,477851000.0,395513000.0,,-42384000.0,42206000.0,353129000.0,97914000.0,255215000.0,255215000.0,3.12,0.4315,0.1954,0.1745,0.1261,0.1831,476550000.0,395513000.0,3.094,3.1308,3.1308,255215000.0,255215000.0,0.2354,0.1984,IEX
2013-09-30 00:00:00,1994348000.0,1145134900.0,849213100.0,466774000.0,166051000.0,,-41505000.0,42240000.0,124546000.0,55905000.0,68641000.0,68641000.0,0.84,0.4258,0.0833,0.0624,0.0344,0.1779,247971000.0,166051000.0,0.8499,0.8593,0.8593,68641000.0,68641000.0,0.1243,0.1933,IEX
2013-06-30 00:00:00,1983590000.0,1151045900.0,832544100.0,459801000.0,149270000.0,,-41151000.0,42206000.0,108119000.0,53150000.0,54969000.0,54969000.0,0.66,0.4197,0.0753,0.0545,0.0277,0.169,231002000.0,149270000.0,0.6752,0.6819,0.6819,54969000.0,54969000.0,0.1165,0.1856,IEX
2013-03-31 00:00:00,1959289000.0,1146480900.0,812808100.0,448393000.0,138361000.0,,-40747000.0,42145000.0,97614000.0,50855000.0,46759000.0,46759000.0,0.55,0.4148,0.0706,0.0498,0.0239,0.1555,219063000.0,138361000.0,0.5653,0.5708,0.5708,46759000.0,46759000.0,0.1118,0.1733,IEX
2012-12-31 00:00:00,1954258000.0,1150557900.0,803700100.0,444490000.0,128218000.0,,-42014000.0,42250000.0,86204000.0,48574000.0,37630000.0,37630000.0,0.43,0.4113,0.0656,0.0441,0.0193,0.1486,208215000.0,128218000.0,0.4499,0.4551,0.4551,37630000.0,37630000.0,0.1065,0.1669,IEX
