Date,Revenue,Cost of Revenue,Gross Profit,R&D Expenses,SG&A Expenses,Operating Income,Interest Expense (Operating),Non-operating Income/Expense,Non-operating Interest Expenses,EBT,Income Tax Provision,Income after Tax,Net Income Common,EPS (Basic),Gross Margin,EBIT Margin,EBT margin,Net Profit Margin,Free Cash Flow Margin,EBITDA,EBIT,"EPS (Diluted, from Cont. Ops)","EPS (Basic, Consolidated)","EPS (Basic, from Continuous Ops)",Income from Continuous Operations,Consolidated Net Income/Loss,EBITDA Margin,Operating Cash Flow Margin,Ticker
2022-09-30 00:00:00,69540000000.0,37165000000.0,32375000000.0,17113000000.0,7238000000.0,8455000000.0,481000000.0,-4040000000.0,348000000.0,13758000000.0,457000000.0,13301000000.0,13301000000.0,3.25,0.4656,0.1216,0.1978,0.1913,-0.1935,20846000000.0,8455000000.0,3.2398,3.2619,3.2619,13301000000.0,13301000000.0,0.2998,0.1945,INTC
2022-06-30 00:00:00,73394000000.0,36808000000.0,36586000000.0,16614000000.0,7168000000.0,13857000000.0,511000000.0,-3240000000.0,215000000.0,20804000000.0,1699000000.0,19105000000.0,19105000000.0,4.67,0.4985,0.1888,0.2835,0.2603,-0.0235,25333000000.0,13857000000.0,4.6626,4.6945,4.6945,19105000000.0,19105000000.0,0.3452,0.3052,INTC
2022-03-31 00:00:00,77704000000.0,35499000000.0,42205000000.0,15929000000.0,6967000000.0,20103000000.0,531000000.0,-1030000000.0,154000000.0,27458000000.0,2838000000.0,24620000000.0,24620000000.0,6.03,0.5432,0.2587,0.3534,0.3168,0.1242,31201000000.0,20103000000.0,6.0125,6.0551,6.0551,24620000000.0,24620000000.0,0.4015,0.3911,INTC
2021-12-31 00:00:00,79024000000.0,35209000000.0,43815000000.0,15190000000.0,6543000000.0,19456000000.0,597000000.0,-559000000.0,144000000.0,21703000000.0,1835000000.0,19868000000.0,19868000000.0,4.88,0.5545,0.2462,0.2746,0.2514,0.1204,31319000000.0,19456000000.0,4.8577,4.8947,4.8947,19868000000.0,19868000000.0,0.3963,0.3777,INTC
2021-09-30 00:00:00,78474000000.0,34320000000.0,44154000000.0,14796000000.0,6358000000.0,20351000000.0,611000000.0,1913000000.0,154000000.0,23997000000.0,2895000000.0,21102000000.0,21102000000.0,5.18,0.5627,0.2593,0.3058,0.2689,0.2189,32114000000.0,20351000000.0,5.148,5.1854,5.1854,21102000000.0,21102000000.0,0.4092,0.4325,INTC
2021-06-30 00:00:00,77615000000.0,34466000000.0,43149000000.0,14265000000.0,6119000000.0,20183000000.0,627000000.0,1997000000.0,170000000.0,22180000000.0,3625000000.0,18555000000.0,18555000000.0,4.53,0.5559,0.26,0.2858,0.2391,0.2085,32068000000.0,20183000000.0,4.4936,4.5263,4.5263,18555000000.0,18555000000.0,0.4132,0.4151,INTC
2021-03-31 00:00:00,77712000000.0,35262000000.0,42450000000.0,13904000000.0,5967000000.0,20334000000.0,684000000.0,2036000000.0,216000000.0,22370000000.0,3771000000.0,18599000000.0,18599000000.0,4.48,0.5462,0.2617,0.2879,0.2393,0.2445,32425000000.0,20334000000.0,4.446,4.4787,4.4787,18599000000.0,18599000000.0,0.4172,0.4449,INTC
2020-12-31 00:00:00,77867000000.0,34255000000.0,43612000000.0,13556000000.0,6180000000.0,23678000000.0,629000000.0,1400000000.0,272000000.0,25078000000.0,4179000000.0,20899000000.0,20899000000.0,4.98,0.5601,0.3041,0.3221,0.2684,0.2688,35917000000.0,23678000000.0,4.9382,4.9771,4.9771,20899000000.0,20899000000.0,0.4613,0.4544,INTC
2020-09-30 00:00:00,78098000000.0,33956000000.0,44142000000.0,13285000000.0,6015000000.0,24591000000.0,589000000.0,1067000000.0,338000000.0,25658000000.0,3711000000.0,21947000000.0,21947000000.0,5.15,0.5652,0.3149,0.3285,0.281,0.2602,36795000000.0,24591000000.0,5.0795,5.131,5.131,21947000000.0,21947000000.0,0.4711,0.453,INTC
2020-06-30 00:00:00,78955000000.0,33259000000.0,45696000000.0,13221000000.0,6116000000.0,25979000000.0,,1357000000.0,331000000.0,27336000000.0,3675000000.0,23661000000.0,23661000000.0,5.49,0.5788,0.329,0.3462,0.2997,0.2774,37739000000.0,25979000000.0,5.4153,5.4742,5.4742,23661000000.0,23661000000.0,0.478,0.4802,INTC
2020-03-31 00:00:00,75732000000.0,30665000000.0,45067000000.0,13305000000.0,6308000000.0,24899000000.0,,1226000000.0,380000000.0,26125000000.0,3390000000.0,22735000000.0,22735000000.0,5.23,0.5951,0.3288,0.345,0.3002,0.2401,36150000000.0,24899000000.0,5.1476,5.2076,5.2076,22735000000.0,22735000000.0,0.4773,0.4535,INTC
2019-12-31 00:00:00,71965000000.0,29825000000.0,42140000000.0,13362000000.0,6350000000.0,22035000000.0,,2023000000.0,,24058000000.0,3010000000.0,21048000000.0,21048000000.0,4.78,0.5856,0.3062,0.3343,0.2925,0.2353,32861000000.0,22035000000.0,4.7055,4.7653,4.7653,21048000000.0,21048000000.0,0.4566,0.4606,INTC
2019-09-30 00:00:00,70413000000.0,28924000000.0,41489000000.0,13411000000.0,6478000000.0,21462000000.0,,163000000.0,,21625000000.0,2287000000.0,19338000000.0,19338000000.0,4.32,0.5892,0.3048,0.3071,0.2746,0.2091,31813000000.0,21462000000.0,4.2633,4.3219,4.3219,19338000000.0,19338000000.0,0.4518,0.4283,INTC
2019-06-30 00:00:00,70386000000.0,27832000000.0,42554000000.0,13631000000.0,6547000000.0,22364000000.0,,-316000000.0,,22048000000.0,2302000000.0,19746000000.0,19746000000.0,4.36,0.6046,0.3177,0.3132,0.2805,0.1941,32310000000.0,22364000000.0,4.2886,4.3565,4.3565,19746000000.0,19746000000.0,0.459,0.4018,INTC
2019-03-31 00:00:00,70843000000.0,27748000000.0,43095000000.0,13564000000.0,6633000000.0,23020000000.0,,-167000000.0,,22853000000.0,2280000000.0,20573000000.0,20573000000.0,4.5,0.6083,0.3249,0.3226,0.2904,0.1767,32534000000.0,23020000000.0,4.4193,4.4976,4.4976,20573000000.0,20573000000.0,0.4592,0.3968,INTC
2018-12-31 00:00:00,70848000000.0,27111000000.0,43737000000.0,13543000000.0,6950000000.0,23316000000.0,,1000000.0,,23317000000.0,2264000000.0,21053000000.0,21053000000.0,4.57,0.6173,0.3291,0.3291,0.2972,0.2011,32401000000.0,23316000000.0,4.4785,4.5658,4.5658,21053000000.0,21053000000.0,0.4573,0.4154,INTC
2018-09-30 00:00:00,69244000000.0,25956000000.0,43288000000.0,13363000000.0,7072000000.0,22527000000.0,,1190000000.0,,23717000000.0,8546000000.0,15171000000.0,15171000000.0,3.28,0.6252,0.3253,0.3425,0.2191,0.2081,31259000000.0,22527000000.0,3.2232,3.2838,3.2838,15171000000.0,15171000000.0,0.4514,0.43,INTC
2018-06-30 00:00:00,66230000000.0,25238000000.0,40992000000.0,13144000000.0,7128000000.0,20319000000.0,,2186000000.0,,22505000000.0,9216000000.0,13289000000.0,13289000000.0,2.84,0.6189,0.3068,0.3398,0.2006,0.192,28832000000.0,20319000000.0,2.7834,2.8483,2.8483,13289000000.0,13289000000.0,0.4353,0.4107,INTC
2018-03-31 00:00:00,64031000000.0,24362000000.0,39669000000.0,13035000000.0,7253000000.0,18888000000.0,,2660000000.0,,21548000000.0,10457000000.0,11091000000.0,11091000000.0,2.36,0.6195,0.295,0.3365,0.1732,0.1837,27267000000.0,18888000000.0,2.3084,2.3677,2.3677,11091000000.0,11091000000.0,0.4258,0.3826,INTC
2017-12-31 00:00:00,62761000000.0,23663000000.0,39098000000.0,13035000000.0,7452000000.0,18050000000.0,,2302000000.0,,20352000000.0,10751000000.0,9601000000.0,9601000000.0,2.04,0.623,0.2876,0.3243,0.153,0.1646,26179000000.0,18050000000.0,1.9858,2.0424,2.0424,9601000000.0,9601000000.0,0.4171,0.3523,INTC
2017-09-30 00:00:00,62082000000.0,23615000000.0,38467000000.0,13007000000.0,7748000000.0,17400000000.0,,1357000000.0,,18757000000.0,4907000000.0,13850000000.0,13850000000.0,2.94,0.6196,0.2803,0.3021,0.2231,0.1897,25319000000.0,17400000000.0,2.854,2.94,2.94,13850000000.0,13850000000.0,0.4078,0.3708,INTC
2017-06-30 00:00:00,61711000000.0,23325000000.0,38386000000.0,12867000000.0,8093000000.0,16721000000.0,,424000000.0,,17145000000.0,4433000000.0,12712000000.0,12712000000.0,2.69,0.622,0.271,0.2778,0.206,0.1911,24513000000.0,16721000000.0,2.6099,2.6903,2.6903,12712000000.0,12712000000.0,0.3972,0.3648,INTC
2017-03-31 00:00:00,60481000000.0,23218000000.0,37263000000.0,12750000000.0,8250000000.0,14197000000.0,,46000000.0,,14243000000.0,3009000000.0,11234000000.0,11234000000.0,2.37,0.6161,0.2347,0.2355,0.1857,0.1888,21918000000.0,14197000000.0,2.3036,2.3753,2.3753,11234000000.0,11234000000.0,0.3624,0.358,INTC
2016-12-31 00:00:00,59387000000.0,23154000000.0,36233000000.0,12685000000.0,8377000000.0,13133000000.0,,-197000000.0,,12936000000.0,2620000000.0,10316000000.0,10316000000.0,2.17,0.6101,0.2211,0.2178,0.1737,0.2051,20923000000.0,13133000000.0,2.116,2.181,2.181,10316000000.0,10316000000.0,0.3523,0.3672,INTC
2016-09-30 00:00:00,57927000000.0,22251000000.0,35676000000.0,12579000000.0,8357000000.0,12647000000.0,,152000000.0,,12799000000.0,2432000000.0,10367000000.0,10367000000.0,2.19,0.6159,0.2183,0.221,0.179,0.1841,20653000000.0,12647000000.0,2.1249,2.1927,2.1927,10367000000.0,10367000000.0,0.3565,0.3295,INTC
2016-06-30 00:00:00,56614000000.0,21810000000.0,34804000000.0,12437000000.0,8261000000.0,12377000000.0,,357000000.0,,12734000000.0,2636000000.0,10098000000.0,10098000000.0,2.13,0.6148,0.2186,0.2249,0.1784,0.2101,20730000000.0,12377000000.0,2.0699,2.134,2.134,10098000000.0,10098000000.0,0.3662,0.3367,INTC
2016-03-31 00:00:00,56276000000.0,21197000000.0,35079000000.0,12379000000.0,8203000000.0,13955000000.0,,92000000.0,,14047000000.0,2573000000.0,11474000000.0,11474000000.0,2.42,0.6233,0.248,0.2496,0.2039,0.2078,22582000000.0,13955000000.0,2.3478,2.4214,2.4214,11474000000.0,11474000000.0,0.4013,0.3315,INTC
2015-12-31 00:00:00,55355000000.0,20676000000.0,34679000000.0,12128000000.0,7930000000.0,14002000000.0,,210000000.0,,14212000000.0,2792000000.0,11420000000.0,11420000000.0,2.41,0.6265,0.2529,0.2567,0.2063,0.2112,22713000000.0,14002000000.0,2.3335,2.4083,2.4083,11420000000.0,11420000000.0,0.4103,0.3436,INTC
2015-09-30 00:00:00,55162000000.0,20452000000.0,34710000000.0,11999000000.0,7861000000.0,14156000000.0,,412000000.0,,14568000000.0,3100000000.0,11468000000.0,11468000000.0,2.41,0.6292,0.2566,0.2641,0.2079,0.2215,22895000000.0,14156000000.0,2.3286,2.4027,2.4027,11468000000.0,11468000000.0,0.4151,0.351,INTC
2015-06-30 00:00:00,55251000000.0,20194000000.0,35057000000.0,11914000000.0,7930000000.0,14504000000.0,,361000000.0,,14865000000.0,3189000000.0,11676000000.0,11676000000.0,2.44,0.6345,0.2625,0.269,0.2113,0.198,23166000000.0,14504000000.0,2.3485,2.4275,2.4275,11676000000.0,11676000000.0,0.4193,0.3497,INTC
2015-03-31 00:00:00,55887000000.0,20161000000.0,35726000000.0,11686000000.0,8042000000.0,15452000000.0,,352000000.0,,15804000000.0,4038000000.0,11766000000.0,11766000000.0,2.43,0.6393,0.2765,0.2828,0.2105,0.2128,24093000000.0,15452000000.0,2.3431,2.4202,2.4202,11766000000.0,11766000000.0,0.4311,0.3817,INTC
2014-12-31 00:00:00,55870000000.0,20261000000.0,35609000000.0,11537000000.0,8136000000.0,15347000000.0,,454000000.0,,15801000000.0,4097000000.0,11704000000.0,11704000000.0,2.4,0.6374,0.2747,0.2828,0.2095,0.1846,23896000000.0,15347000000.0,2.3149,2.388,2.388,11704000000.0,11704000000.0,0.4277,0.3655,INTC
2014-09-30 00:00:00,54983000000.0,20424000000.0,34559000000.0,11373000000.0,8093000000.0,14443000000.0,,250000000.0,,14693000000.0,4025000000.0,10668000000.0,10668000000.0,2.16,0.6285,0.2627,0.2672,0.194,0.1778,22774000000.0,14443000000.0,2.0952,2.1573,2.1573,10668000000.0,10668000000.0,0.4142,0.3762,INTC
2014-06-30 00:00:00,53912000000.0,20397000000.0,33515000000.0,11273000000.0,8084000000.0,13407000000.0,,660000000.0,,14067000000.0,3766000000.0,10301000000.0,10301000000.0,2.07,0.6217,0.2487,0.2609,0.1911,0.1742,21561000000.0,13407000000.0,2.0161,2.0699,2.0699,10301000000.0,10301000000.0,0.3999,0.3844,INTC
2014-03-31 00:00:00,52892000000.0,20824000000.0,32068000000.0,10930000000.0,8188000000.0,12282000000.0,,556000000.0,,12838000000.0,3333000000.0,9505000000.0,9505000000.0,1.91,0.6063,0.2322,0.2427,0.1797,0.1657,20257000000.0,12282000000.0,1.862,1.9104,1.9104,9505000000.0,9505000000.0,0.383,0.378,INTC
2013-12-31 00:00:00,52708000000.0,21187000000.0,31521000000.0,10611000000.0,8088000000.0,12291000000.0,,320000000.0,,12611000000.0,2991000000.0,9620000000.0,9620000000.0,1.93,0.598,0.2332,0.2393,0.1825,0.1759,20323000000.0,12291000000.0,1.8874,1.9357,1.9357,9620000000.0,9620000000.0,0.3856,0.3942,INTC
2013-09-30 00:00:00,52351000000.0,21584000000.0,30767000000.0,10414000000.0,8040000000.0,11897000000.0,,367000000.0,,12264000000.0,2801000000.0,9463000000.0,9463000000.0,1.9,0.5877,0.2273,0.2343,0.1808,0.2005,19978000000.0,11897000000.0,1.8576,1.9047,1.9047,9463000000.0,9463000000.0,0.3816,0.3966,INTC
2013-06-30 00:00:00,52325000000.0,21457000000.0,30868000000.0,10277000000.0,8065000000.0,12234000000.0,,27000000.0,,12261000000.0,2776000000.0,9485000000.0,9485000000.0,1.9,0.5899,0.2338,0.2343,0.1813,0.189,20187000000.0,12234000000.0,1.856,1.9073,1.9073,9485000000.0,9485000000.0,0.3858,0.3857,INTC
2013-03-31 00:00:00,53015000000.0,21063000000.0,31952000000.0,10274000000.0,8031000000.0,13347000000.0,,155000000.0,,13502000000.0,3190000000.0,10312000000.0,10312000000.0,2.06,0.6027,0.2518,0.2547,0.1945,0.1721,21148000000.0,13347000000.0,2.0081,2.0684,2.0684,10312000000.0,10312000000.0,0.3989,0.381,INTC
2012-12-31 00:00:00,53341000000.0,20190000000.0,33151000000.0,10148000000.0,8057000000.0,14638000000.0,,235000000.0,,14873000000.0,3868000000.0,11005000000.0,11005000000.0,2.2,0.6215,0.2744,0.2788,0.2063,0.132,22160000000.0,14638000000.0,2.1328,2.2028,2.2028,11005000000.0,11005000000.0,0.4154,0.354,INTC
