Date,Revenue,Cost of Revenue,Gross Profit,SG&A Expenses,Operating Income,Interest Expense (Operating),Non-operating Income/Expense,Non-operating Interest Expenses,EBT,Income Tax Provision,Income after Tax,Share of Subsidiary Earnings,Net Income Common,EPS (Basic),Gross Margin,EBIT Margin,EBT margin,Net Profit Margin,Free Cash Flow Margin,EBITDA,EBIT,"EPS (Diluted, from Cont. Ops)","EPS (Diluted, from Disc. Ops)","EPS (Basic, Consolidated)","EPS (Basic, from Discontinued Ops)","EPS (Basic, from Continuous Ops)",Income from Continuous Operations,Income from Discontinued Operations,Consolidated Net Income/Loss,EBITDA Margin,Operating Cash Flow Margin,Ticker
2022-09-30 00:00:00,21114000000.0,15134000000.0,5980000000.0,3061000000.0,1853000000.0,385000000.0,-620000000.0,342000000.0,1233000000.0,-389000000.0,1622000000.0,315000000.0,1929000000.0,5.29,0.2832,0.0878,0.0584,0.0914,0.0344,2919000000.0,1853000000.0,5.27,,5.2926,,5.31,1937000000.0,,1929000000.0,0.1382,0.072,IP
2022-06-30 00:00:00,20626000000.0,14727000000.0,5899000000.0,2961000000.0,1853000000.0,352000000.0,-536000000.0,301000000.0,1317000000.0,245000000.0,1072000000.0,346000000.0,1842000000.0,4.85,0.286,0.0898,0.0639,0.0893,0.0555,2976000000.0,1853000000.0,3.73,,4.8569,,3.76,1418000000.0,,1842000000.0,0.1443,0.0839,IP
2022-03-31 00:00:00,20007000000.0,14323000000.0,5684000000.0,2957000000.0,1637000000.0,386000000.0,-582000000.0,313000000.0,1055000000.0,195000000.0,860000000.0,357000000.0,1763000000.0,4.56,0.2841,0.0818,0.0527,0.0881,0.0783,2799000000.0,1637000000.0,3.13,,4.5754,,3.16,1217000000.0,,1765000000.0,0.1399,0.1053,IP
2021-12-31 00:00:00,19363000000.0,13832000000.0,5531000000.0,2829000000.0,1605000000.0,433000000.0,-606000000.0,337000000.0,999000000.0,188000000.0,811000000.0,313000000.0,1752000000.0,4.49,0.2856,0.0829,0.0516,0.0905,0.0817,2815000000.0,1605000000.0,2.86,1.61,4.5044,1.62,2.88,1124000000.0,630000000.0,1754000000.0,0.1454,0.1048,IP
2021-09-30 00:00:00,16501000000.0,11798000000.0,4703000000.0,2464000000.0,1283000000.0,491000000.0,-526000000.0,362000000.0,757000000.0,158000000.0,599000000.0,311000000.0,1798000000.0,4.6,0.285,0.0778,0.0459,0.109,0.1436,2548000000.0,1283000000.0,2.3055,1.56,4.6093,1.58,2.3335,910000000.0,615000000.0,1800000000.0,0.1544,0.1644,IP
2021-06-30 00:00:00,16710000000.0,11916000000.0,4794000000.0,2493000000.0,1305000000.0,522000000.0,-663000000.0,392000000.0,642000000.0,149000000.0,493000000.0,189000000.0,1138000000.0,2.9,0.2869,0.0781,0.0384,0.0681,0.142,2572000000.0,1305000000.0,1.7225,1.34,2.9061,1.36,1.7425,682000000.0,551000000.0,1140000000.0,0.1539,0.1677,IP
2021-03-31 00:00:00,16806000000.0,11941000000.0,4865000000.0,2452000000.0,1377000000.0,561000000.0,-726000000.0,422000000.0,651000000.0,170000000.0,481000000.0,157000000.0,972000000.0,2.47,0.2895,0.0819,0.0387,0.0578,0.1416,2650000000.0,1377000000.0,1.6192,1.01,2.4742,1.03,1.6292,638000000.0,419000000.0,972000000.0,0.1577,0.1741,IP
2020-12-31 00:00:00,17565000000.0,12339000000.0,5226000000.0,2640000000.0,1495000000.0,600000000.0,-1166000000.0,446000000.0,329000000.0,176000000.0,153000000.0,77000000.0,482000000.0,1.22,0.2975,0.0851,0.0187,0.0274,0.1321,2782000000.0,1495000000.0,0.5801,,1.2266,,0.5901,230000000.0,,482000000.0,0.1584,0.1744,IP
2020-09-30 00:00:00,16780000000.0,11781000000.0,4999000000.0,2588000000.0,1347000000.0,583000000.0,-1103000000.0,466000000.0,244000000.0,317000000.0,-73000000.0,42000000.0,494000000.0,1.25,0.2979,0.0803,0.0145,0.0294,0.1304,2645000000.0,1347000000.0,-0.0551,,1.2831,,-0.0331,-31000000.0,,495000000.0,0.1576,0.1908,IP
2020-06-30 00:00:00,17225000000.0,12012000000.0,5213000000.0,2633000000.0,1509000000.0,,-1095000000.0,477000000.0,414000000.0,404000000.0,10000000.0,97000000.0,634000000.0,1.61,0.3026,0.0876,0.024,0.0368,0.1266,2814000000.0,1509000000.0,0.2928,,1.629,,0.3128,107000000.0,,633000000.0,0.1634,0.1944,IP
2020-03-31 00:00:00,18026000000.0,12486000000.0,5540000000.0,2722000000.0,1738000000.0,,-1251000000.0,483000000.0,487000000.0,465000000.0,22000000.0,105000000.0,660000000.0,1.68,0.3073,0.0964,0.027,0.0366,0.1261,3052000000.0,1738000000.0,0.3343,,1.6705,,0.3543,127000000.0,,653000000.0,0.1693,0.1956,IP
2019-12-31 00:00:00,18317000000.0,12669000000.0,5648000000.0,2699000000.0,1877000000.0,,-956000000.0,499000000.0,921000000.0,477000000.0,444000000.0,250000000.0,1225000000.0,3.1,0.3083,0.1025,0.0503,0.0669,0.1284,3183000000.0,1877000000.0,1.7499,,3.0861,,1.7699,694000000.0,,1220000000.0,0.1738,0.1971,IP
2019-09-30 00:00:00,22829000000.0,15400000000.0,7429000000.0,3217000000.0,2911000000.0,,-1325000000.0,513000000.0,1586000000.0,514000000.0,1072000000.0,300000000.0,1376000000.0,3.46,0.3254,0.1275,0.0695,0.0603,0.1021,4212000000.0,2911000000.0,3.4096,,3.44,,3.4296,1372000000.0,,1372000000.0,0.1845,0.1534,IP
2019-06-30 00:00:00,23162000000.0,15515000000.0,7647000000.0,3237000000.0,3101000000.0,,-1414000000.0,523000000.0,1687000000.0,460000000.0,1227000000.0,365000000.0,1594000000.0,3.96,0.3302,0.1339,0.0728,0.0688,0.1,4410000000.0,3101000000.0,3.9147,,3.9546,,3.9447,1592000000.0,,1592000000.0,0.1904,0.1538,IP
2019-03-31 00:00:00,23328000000.0,15536000000.0,7792000000.0,3305000000.0,3169000000.0,,-1326000000.0,534000000.0,1843000000.0,462000000.0,1381000000.0,355000000.0,1707000000.0,4.19,0.334,0.1358,0.079,0.0732,0.0834,4487000000.0,3169000000.0,4.2165,,4.2214,,4.2565,1736000000.0,,1713000000.0,0.1923,0.1413,IP
2018-12-31 00:00:00,23306000000.0,15555000000.0,7751000000.0,3290000000.0,3133000000.0,,-1352000000.0,536000000.0,1781000000.0,445000000.0,1336000000.0,336000000.0,2012000000.0,4.89,0.3326,0.1344,0.0764,0.0863,0.072,4461000000.0,3133000000.0,4.02,,4.9303,,4.07,1672000000.0,,2017000000.0,0.1914,0.1384,IP
2018-09-30 00:00:00,23066000000.0,15459000000.0,7607000000.0,3250000000.0,3028000000.0,,-1432000000.0,542000000.0,1596000000.0,-905000000.0,2501000000.0,321000000.0,3156000000.0,7.65,0.3298,0.1313,0.0692,0.1368,0.0809,4366000000.0,3028000000.0,6.76,,7.6674,,6.83,2822000000.0,,3159000000.0,0.1893,0.1558,IP
2018-06-30 00:00:00,22682000000.0,15285000000.0,7397000000.0,3203000000.0,2850000000.0,,-1350000000.0,561000000.0,1500000000.0,-852000000.0,2352000000.0,274000000.0,2989000000.0,7.22,0.3261,0.1257,0.0661,0.1318,0.0131,4226000000.0,2850000000.0,6.27,0.88,7.2445,0.89,6.34,2626000000.0,366000000.0,2992000000.0,0.1863,0.0857,IP
2018-03-31 00:00:00,22232000000.0,15112000000.0,7120000000.0,3101000000.0,2671000000.0,,-1684000000.0,565000000.0,987000000.0,-1069000000.0,2056000000.0,224000000.0,2664000000.0,6.44,0.3203,0.1201,0.0444,0.1198,0.0138,4074000000.0,2671000000.0,5.45,0.92,6.4533,0.93,5.51,2280000000.0,385000000.0,2665000000.0,0.1832,0.0804,IP
2017-12-31 00:00:00,21743000000.0,14802000000.0,6941000000.0,3055000000.0,2543000000.0,,-1695000000.0,572000000.0,848000000.0,-1085000000.0,1933000000.0,177000000.0,2144000000.0,5.19,0.3192,0.117,0.039,0.0986,0.018,3966000000.0,2543000000.0,5.05,0.08,5.1951,0.08,5.11,2110000000.0,34000000.0,2144000000.0,0.1824,0.0808,IP
2017-09-30 00:00:00,19829000000.0,13174000000.0,6655000000.0,2789000000.0,2637000000.0,,-1867000000.0,567000000.0,770000000.0,176000000.0,594000000.0,160000000.0,902000000.0,2.18,0.3356,0.133,0.0388,0.0455,0.0065,4040000000.0,2637000000.0,1.8,0.36,2.1899,0.36,1.83,754000000.0,149000000.0,903000000.0,0.2037,0.0747,IP
2017-06-30 00:00:00,19578000000.0,13083000000.0,6495000000.0,2767000000.0,2535000000.0,,-1849000000.0,547000000.0,686000000.0,147000000.0,539000000.0,158000000.0,819000000.0,1.99,0.3317,0.1295,0.035,0.0418,0.0603,3879000000.0,2535000000.0,1.67,0.28,1.9848,0.28,1.7,697000000.0,115000000.0,817000000.0,0.1981,0.1293,IP
2017-03-31 00:00:00,19517000000.0,13446000000.0,6071000000.0,2740000000.0,2171000000.0,,-1476000000.0,539000000.0,695000000.0,225000000.0,470000000.0,183000000.0,779000000.0,1.9,0.3111,0.1112,0.0356,0.0399,0.0558,3459000000.0,2171000000.0,1.57,0.27,1.8883,0.26,1.6,653000000.0,119000000.0,777000000.0,0.1772,0.1276,IP
2016-12-31 00:00:00,19495000000.0,13419000000.0,6076000000.0,2695000000.0,2257000000.0,,-1462000000.0,520000000.0,795000000.0,193000000.0,602000000.0,198000000.0,904000000.0,2.2,0.3117,0.1158,0.0408,0.0464,0.0589,3484000000.0,2257000000.0,1.93,0.27,2.1941,0.26,1.95,800000000.0,102000000.0,902000000.0,0.1787,0.1271,IP
2016-09-30 00:00:00,19451000000.0,13955000000.0,5496000000.0,2657000000.0,1753000000.0,,-946000000.0,517000000.0,807000000.0,210000000.0,597000000.0,184000000.0,864000000.0,2.1,0.2826,0.0901,0.0415,0.0444,0.0608,2966000000.0,1753000000.0,1.89,,2.0954,,1.92,781000000.0,,861000000.0,0.1525,0.1314,IP
2016-06-30 00:00:00,19876000000.0,14224000000.0,5652000000.0,2675000000.0,1876000000.0,,-1113000000.0,526000000.0,763000000.0,209000000.0,554000000.0,128000000.0,772000000.0,1.87,0.2844,0.0944,0.0384,0.0388,0.082,3104000000.0,1876000000.0,1.67,,1.8498,,1.69,682000000.0,,762000000.0,0.1562,0.1536,IP
2016-03-31 00:00:00,20268000000.0,14080000000.0,6188000000.0,2720000000.0,2340000000.0,,-1297000000.0,541000000.0,1043000000.0,328000000.0,715000000.0,145000000.0,959000000.0,2.31,0.3053,0.1155,0.0515,0.0473,0.0553,3595000000.0,2340000000.0,2.11,-0.02,2.2715,-0.03,2.13,860000000.0,-14000000.0,940000000.0,0.1774,0.1264,IP
2015-12-31 00:00:00,20675000000.0,14313000000.0,6362000000.0,2787000000.0,2408000000.0,,-1276000000.0,555000000.0,1132000000.0,417000000.0,715000000.0,117000000.0,938000000.0,2.24,0.3077,0.1165,0.0548,0.0454,0.0547,3702000000.0,2408000000.0,2.03,,2.1969,,2.05,832000000.0,,917000000.0,0.1791,0.1248,IP
2015-09-30 00:00:00,22865000000.0,15808000000.0,7057000000.0,3130000000.0,2601000000.0,,-1293000000.0,564000000.0,1308000000.0,380000000.0,928000000.0,-52000000.0,894000000.0,2.13,0.3086,0.1138,0.0572,0.0391,0.0601,3927000000.0,2601000000.0,2.13,,2.0548,,2.14,876000000.0,7000000.0,867000000.0,0.1717,0.1196,IP
2015-06-30 00:00:00,23225000000.0,15972000000.0,7253000000.0,3240000000.0,2658000000.0,,-1127000000.0,581000000.0,1531000000.0,421000000.0,1110000000.0,-111000000.0,1029000000.0,2.44,0.3123,0.1144,0.0659,0.0443,0.0636,4012000000.0,2658000000.0,2.39,,2.3695,,2.41,999000000.0,,1006000000.0,0.1727,0.1219,IP
2015-03-31 00:00:00,23410000000.0,16064000000.0,7346000000.0,3283000000.0,2681000000.0,,-1264000000.0,601000000.0,1417000000.0,333000000.0,1084000000.0,-132000000.0,963000000.0,2.27,0.3138,0.1145,0.0605,0.0411,0.0814,4066000000.0,2681000000.0,2.25,,2.2189,,2.27,952000000.0,-6000000.0,946000000.0,0.1737,0.1386,IP
2014-12-31 00:00:00,23617000000.0,16254000000.0,7363000000.0,3314000000.0,2643000000.0,,-1771000000.0,607000000.0,872000000.0,123000000.0,749000000.0,-200000000.0,555000000.0,1.32,0.3118,0.1119,0.0369,0.0235,0.075,4057000000.0,2643000000.0,1.31,-0.02,1.2532,-0.03,1.33,549000000.0,-13000000.0,536000000.0,0.1718,0.1303,IP
2014-09-30 00:00:00,24923000000.0,17425000000.0,7498000000.0,3442000000.0,2625000000.0,,-2215000000.0,598000000.0,410000000.0,-500000000.0,910000000.0,-73000000.0,857000000.0,1.99,0.3008,0.1053,0.0165,0.0344,0.0645,4064000000.0,2625000000.0,1.96,0.01,1.9273,0.01,1.98,837000000.0,1000000.0,838000000.0,0.1631,0.1192,IP
2014-06-30 00:00:00,24847000000.0,17418000000.0,7429000000.0,3456000000.0,2503000000.0,,-2242000000.0,586000000.0,261000000.0,-609000000.0,870000000.0,15000000.0,884000000.0,2.0,0.299,0.1007,0.0105,0.0356,0.0603,3986000000.0,2503000000.0,2.03,-0.04,1.9499,-0.04,2.05,885000000.0,-20000000.0,865000000.0,0.1604,0.1106,IP
2014-03-31 00:00:00,26283000000.0,18772000000.0,7511000000.0,3607000000.0,2393000000.0,,-1921000000.0,590000000.0,472000000.0,-537000000.0,1009000000.0,-62000000.0,982000000.0,2.21,0.2858,0.091,0.018,0.0374,0.0675,3913000000.0,2393000000.0,2.15,0.04,2.1592,0.04,2.18,947000000.0,17000000.0,964000000.0,0.1489,0.1129,IP
2013-12-31 00:00:00,27649000000.0,19958000000.0,7691000000.0,3802000000.0,2346000000.0,,-1505000000.0,611000000.0,841000000.0,-526000000.0,1367000000.0,-39000000.0,1395000000.0,3.14,0.2782,0.0848,0.0304,0.0505,0.0685,3893000000.0,2346000000.0,3.0,0.11,3.1,0.11,3.04,1328000000.0,50000000.0,1378000000.0,0.1408,0.1095,IP
2013-09-30 00:00:00,27475000000.0,19875000000.0,7600000000.0,3819000000.0,2234000000.0,,-951000000.0,647000000.0,1283000000.0,137000000.0,1146000000.0,-21000000.0,1194000000.0,2.69,0.2766,0.0813,0.0467,0.0435,0.0597,3785000000.0,2234000000.0,2.54,0.12,2.6599,0.12,2.58,1125000000.0,55000000.0,1180000000.0,0.1378,0.0984,IP
2013-06-30 00:00:00,28526000000.0,20967000000.0,7559000000.0,3874000000.0,2152000000.0,,-952000000.0,664000000.0,1200000000.0,229000000.0,971000000.0,-3000000.0,1049000000.0,2.38,0.265,0.0754,0.0421,0.0368,0.0598,3685000000.0,2152000000.0,2.19,0.16,2.3637,0.16,2.22,968000000.0,74000000.0,1042000000.0,0.1292,0.1006,IP
2013-03-31 00:00:00,28268000000.0,20823000000.0,7445000000.0,3832000000.0,2110000000.0,,-1069000000.0,668000000.0,1041000000.0,192000000.0,849000000.0,7000000.0,924000000.0,2.11,0.2634,0.0746,0.0368,0.0327,0.0567,3613000000.0,2110000000.0,1.94,0.15,2.1011,0.15,1.96,856000000.0,66000000.0,922000000.0,0.1278,0.1032,IP
2012-12-31 00:00:00,27833000000.0,20587000000.0,7246000000.0,3703000000.0,2057000000.0,,-1033000000.0,672000000.0,1024000000.0,331000000.0,693000000.0,61000000.0,794000000.0,1.82,0.2603,0.0739,0.0368,0.0285,0.0569,3543000000.0,2057000000.0,1.71,0.1,1.8299,0.1,1.72,754000000.0,45000000.0,799000000.0,0.1273,0.1066,IP
