Date,Revenue,Cost of Revenue,Gross Profit,SG&A Expenses,Operating Income,Non-operating Income/Expense,Non-operating Interest Expenses,Income (Other),EBT,Income Tax Provision,Income after Tax,Net Income Common,EPS (Basic),Gross Margin,EBIT Margin,EBT margin,Net Profit Margin,Free Cash Flow Margin,EBITDA,EBIT,"EPS (Diluted, from Cont. Ops)","EPS (Diluted, from Disc. Ops)","EPS (Basic, Consolidated)","EPS (Basic, from Discontinued Ops)","EPS (Basic, from Continuous Ops)",Income from Continuous Operations,Income from Discontinued Operations,Consolidated Net Income/Loss,EBITDA Margin,Operating Cash Flow Margin,Ticker
2022-09-30 00:00:00,4985000000.0,2128217100.0,2855894800.0,1123877000.0,998075000.0,128000000.0,7000000.0,,574000000.0,75314000.0,497957100.0,496000000.0,1.69,0.5729,0.2002,0.1151,0.0995,0.0493,1725912000.0,998074900.0,1.7037,,1.7126,,1.7126,497957000.0,,498000000.0,0.3462,0.1717,IRM
2022-06-30 00:00:00,4828000000.0,2063839100.0,2763475900.0,1080174000.0,893749100.0,171000000.0,7000000.0,,453000000.0,79397000.0,373137100.0,372000000.0,1.26,0.5724,0.1851,0.0938,0.0771,0.0476,1620882100.0,893749000.0,1.2779,,1.2846,,1.2846,373137000.0,,373000000.0,0.3357,0.1482,IRM
2022-03-31 00:00:00,4657756000.0,1981942100.0,2675594900.0,1044559000.0,905896000.0,235010000.0,110220000.0,,619938000.0,171730000.0,447801100.0,447285000.0,1.53,0.5744,0.1945,0.1331,0.096,0.0836,1621101000.0,905895900.0,1.5378,,1.5463,,1.5463,447801000.0,,447522000.0,0.348,0.1599,IRM
2021-12-31 00:00:00,4491796000.0,1887229100.0,2604301900.0,1022559000.0,854172000.0,109875000.0,212642000.0,,629209000.0,176290000.0,452725100.0,450888000.0,1.55,0.5798,0.1902,0.1401,0.1004,0.0936,1551142000.0,854171900.0,1.556,,1.5641,,1.5641,452725000.0,,452153000.0,0.3453,0.169,IRM
2021-09-30 00:00:00,4391449000.0,1857374100.0,2534223100.0,996538000.0,1083062700.0,-158358000.0,316769000.0,,787269000.0,149378000.0,638019000.0,636298000.0,2.2,0.5771,0.2466,0.1793,0.1449,0.2124,1775285700.0,1083062700.0,2.1996,,2.2087,,2.2087,638019000.0,,637908000.0,0.4043,0.1876,IRM
2021-06-30 00:00:00,4298096000.0,1810216100.0,2487880100.0,987037000.0,1141890600.0,-398126000.0,419072000.0,,743765000.0,135295000.0,608470000.0,606692000.0,2.1,0.5788,0.2657,0.173,0.1412,0.2707,1816670700.0,1141890600.0,2.0994,,2.1073,,2.1073,608470000.0,,608470000.0,0.4227,0.2182,IRM
2021-03-31 00:00:00,4160579000.0,1742330100.0,2418249100.0,969205000.0,967688800.0,-608292000.0,417308000.0,,359397000.0,34562000.0,324835000.0,324321000.0,1.13,0.5812,0.2326,0.0864,0.078,0.2444,1639805900.0,967688800.0,1.1247,,1.1266,,1.1266,324835000.0,,324835000.0,0.3941,0.2238,IRM
2020-12-31 00:00:00,4147270000.0,1757342100.0,2389928000.0,949215000.0,934784700.0,-562080000.0,418535000.0,,372705000.0,29609000.0,343096000.0,342693000.0,1.19,0.5763,0.2254,0.0899,0.0826,0.2676,1627229800.0,934784700.0,1.1886,,1.1905,,1.1905,343096000.0,,343096000.0,0.3924,0.2381,IRM
2020-09-30 00:00:00,4167207000.0,1767606900.0,2399599800.0,946421000.0,715565900.0,-532013000.0,418279000.0,,183553000.0,50108000.0,133445000.0,132983000.0,0.46,0.5758,0.1717,0.044,0.0319,0.1611,1413683000.0,715566000.0,0.4761,,0.4637,,0.479,133445000.0,,133445000.0,0.3392,0.2269,IRM
2020-06-30 00:00:00,4192784000.0,1782473900.0,2410309800.0,951477000.0,698776000.0,-437507000.0,420653000.0,,261269000.0,58102000.0,203167000.0,202264000.0,0.7,0.5749,0.1667,0.0623,0.0482,0.1344,1397130000.0,698776100.0,0.7126,,0.7071,,0.7153,203167000.0,,203167000.0,0.3332,0.2328,IRM
2020-03-31 00:00:00,4277452000.0,1839589900.0,2437861800.0,961686000.0,760164900.0,-398473000.0,422511000.0,,361692000.0,59065000.0,302627000.0,301791000.0,1.04,0.5699,0.1777,0.0846,0.0706,0.1199,1458611900.0,760165000.0,1.0573,,1.0541,,1.06,302627000.0,,302755000.0,0.341,0.2279,IRM
2019-12-31 00:00:00,4262584000.0,1833314900.0,2429268900.0,991664000.0,781338000.0,-453196000.0,419298000.0,,328142000.0,59931000.0,268211000.0,267377000.0,0.92,0.5699,0.1833,0.077,0.0627,0.0924,1456279100.0,781338100.0,0.9323,0.0032,0.935,0.0032,0.9346,268211000.0,104000.0,268315000.0,0.3416,0.2268,IRM
2019-09-30 00:00:00,4244483000.0,1819578000.0,2424905200.0,983116900.0,821877300.0,-393806000.0,420315000.0,,428071000.0,44632000.0,383439000.0,381296000.0,1.34,0.5713,0.1936,0.1009,0.0898,0.0931,1487595300.0,821877300.0,1.32,,1.3384,,1.32,383439000.0,,383543000.0,0.3505,0.226,IRM
2019-06-30 00:00:00,4243250000.0,1818224000.0,2425026200.0,1005894900.0,794038200.0,-404807000.0,417576000.0,,389231000.0,36727000.0,352504000.0,339490000.0,1.2,0.5715,0.1871,0.0917,0.08,0.0994,1459871300.0,794038200.0,1.22,-0.0368,1.191,-0.0368,1.22,352504000.0,-11501000.0,341003000.0,0.344,0.2291,IRM
2019-03-31 00:00:00,4237166000.0,1805879000.0,2431287200.0,1005963900.0,802383300.0,-397825000.0,414458000.0,,404558000.0,52138000.0,352420000.0,338810000.0,1.21,0.5738,0.1894,0.0955,0.08,0.1044,1460032400.0,802383300.0,1.22,-0.0385,1.1901,-0.0385,1.22,352420000.0,-11989000.0,340431000.0,0.3446,0.2268,IRM
2018-12-31 00:00:00,4225761000.0,1793954000.0,2431807200.0,1006982900.0,808267300.0,-397956000.0,409648000.0,,410311000.0,42753000.0,367558000.0,353933000.0,1.27,0.5755,0.1913,0.0971,0.0838,0.1179,1463456200.0,808267300.0,1.28,-0.04,1.2421,-0.04,1.28,367558000.0,-12427000.0,355131000.0,0.3463,0.2214,IRM
2018-09-30 00:00:00,4155507000.0,1753709900.0,2401797000.0,999096000.0,701000300.0,-439494900.0,392395000.0,,261505000.0,34713000.0,226792000.0,211327000.0,0.8,0.578,0.1687,0.0629,0.0509,0.0837,1334258200.0,701000000.0,0.79,-0.0477,0.7347,-0.0476,0.78,225867000.0,-15297000.0,210570000.0,0.3211,0.1989,IRM
2018-06-30 00:00:00,4060177000.0,1724018900.0,2336158000.0,981524000.0,682121400.0,-483699900.0,377446000.0,,198421000.0,22958000.0,175463000.0,169803000.0,0.66,0.5754,0.168,0.0489,0.0418,0.0844,1286167300.0,682121100.0,0.62,-0.0117,0.5967,-0.0116,0.61,173900000.0,-4750000.0,169150000.0,0.3168,0.1957,IRM
2018-03-31 00:00:00,3949160000.0,1686838900.0,2262321000.0,966744000.0,650855300.0,-471159900.0,365216000.0,,179695000.0,14910000.0,164785000.0,156672000.0,0.63,0.5729,0.1648,0.0455,0.0397,0.067,1226721200.0,650855000.0,0.6,-0.0204,0.5823,-0.0203,0.6,164785000.0,-6416000.0,158369000.0,0.3106,0.1749,IRM
2017-12-31 00:00:00,3845578000.0,1664824900.0,2180752900.0,937180000.0,634051200.0,-433073900.0,353645000.0,3420000.0,200977000.0,22962000.0,178015000.0,170113000.0,0.69,0.5671,0.1649,0.0523,0.0442,0.0863,1174400300.0,634050900.0,0.66,-0.0201,0.6457,-0.02,0.66,178015000.0,-6291000.0,171724000.0,0.3054,0.1875,IRM
2017-09-30 00:00:00,3788535800.0,1675533000.0,2113002700.0,970512900.0,634164600.0,-391487000.0,350444000.0,3105000.0,242678000.0,28284000.0,214394000.0,210038000.0,0.8,0.5577,0.1674,0.0641,0.0554,0.0734,1156727800.0,634164600.0,0.77,-0.0253,0.7816,-0.0253,0.78,217174000.0,-3696000.0,213478000.0,0.3053,0.169,IRM
2017-06-30 00:00:00,3765696800.0,1687014000.0,2078682700.0,981099900.0,592862600.0,-349621000.0,344755000.0,4593000.0,243242000.0,49434000.0,193808000.0,192773000.0,0.74,0.552,0.1574,0.0646,0.0512,0.0798,1111142700.0,592862600.0,0.69,-0.0113,0.7195,-0.0113,0.7,197551000.0,-597000.0,196954000.0,0.2951,0.1744,IRM
2017-03-31 00:00:00,3699638800.0,1668379000.0,2031259700.0,1020731900.0,519294600.0,-379528000.0,329655000.0,,139767000.0,42264000.0,97503000.0,100175000.0,0.38,0.549,0.1404,0.0378,0.0271,0.0619,1023432700.0,519294600.0,0.33,0.0087,0.3592,0.0087,0.33,99683000.0,3016000.0,102699000.0,0.2766,0.158,IRM
2016-12-31 00:00:00,3511452800.0,1567777000.0,1943675800.0,988331900.0,501605700.0,-354962000.0,310662000.0,3869000.0,146644000.0,44944000.0,101700000.0,104824000.0,0.46,0.5535,0.1428,0.0418,0.0299,0.0546,967082700.0,501605700.0,0.41,0.0138,0.4355,0.0138,0.41,103880000.0,4082000.0,107233000.0,0.2754,0.1549,IRM
2016-09-30 00:00:00,3329687000.0,1475987100.0,1853699900.0,954755000.0,485415000.0,-368976000.0,292979000.0,9482000.0,116439000.0,56744000.0,59695000.0,61591000.0,0.3,0.5567,0.1458,0.035,0.0185,0.0828,909830000.0,485415100.0,0.2933,0.0221,0.302,0.0221,0.2815,60020000.0,4031000.0,63648000.0,0.2732,0.1935,IRM
2016-06-30 00:00:00,3133394000.0,1363842100.0,1769551900.0,917504000.0,476783000.0,-362755000.0,274814000.0,,114028000.0,37100000.0,76928000.0,77621000.0,0.38,0.5647,0.1522,0.0364,0.0248,0.073,861514000.0,476783100.0,0.3833,0.0089,0.3839,0.0089,0.3715,77778000.0,1378000.0,79365000.0,0.2749,0.1815,IRM
2016-03-31 00:00:00,3009380000.0,1294476100.0,1714903900.0,856312000.0,509659000.0,-330339000.0,266035000.0,,179320000.0,33665000.0,145655000.0,144919000.0,0.69,0.5699,0.1694,0.0596,0.0482,0.0961,866282000.0,509659100.0,0.6933,,0.6935,,0.6915,146505000.0,,146505000.0,0.2879,0.2051,IRM
2015-12-31 00:00:00,3007976000.0,1290025100.0,1717950900.0,844960000.0,524527000.0,-362461000.0,263871000.0,,162066000.0,37713000.0,124353000.0,123241000.0,0.59,0.5711,0.1744,0.0539,0.041,0.0735,879240000.0,524527100.0,0.59,,0.594,,0.59,125203000.0,,125203000.0,0.2923,0.1801,IRM
2015-09-30 00:00:00,3033527000.0,1302624000.0,1730903000.0,852640000.0,529153000.0,-370903000.0,269104000.0,,158250000.0,28002000.0,130248000.0,130285000.0,0.62,0.5706,0.1744,0.0522,0.0429,0.0735,886637000.0,529153100.0,0.5967,,0.6101,,0.6085,131937000.0,,132666000.0,0.2923,0.1619,IRM
2015-06-30 00:00:00,3069695000.0,1320467000.0,1749228000.0,853284000.0,543807000.0,-356250000.0,267189000.0,,187557000.0,79118000.0,108439000.0,107241000.0,0.51,0.5698,0.1772,0.0611,0.0349,0.0517,903744000.0,543807100.0,0.4867,,0.503,,0.4985,109278000.0,,110007000.0,0.2944,0.1489,IRM
2015-03-31 00:00:00,3096853000.0,1331145000.0,1765708000.0,851206000.0,561595000.0,-345522000.0,263303000.0,,216073000.0,-111061000.0,327134000.0,325548000.0,1.67,0.5702,0.1813,0.0698,0.1051,0.0353,922451100.0,561595100.0,1.6467,,1.6625,,1.6585,327973000.0,,328376000.0,0.2979,0.1365,IRM
2014-12-31 00:00:00,3117693000.0,1344636000.0,1773057000.0,869572000.0,549277000.0,-325904000.0,260717000.0,,223373000.0,-97275000.0,320648000.0,326119000.0,1.69,0.5687,0.1762,0.0716,0.1046,0.045,910429100.0,549277100.0,1.67,-0.0038,1.6835,-0.0038,1.68,328955000.0,-893000.0,328746000.0,0.292,0.1517,IRM
2014-09-30 00:00:00,3107597100.0,1343693000.0,1763904100.0,895768000.0,516285100.0,-285473000.0,251251000.0,,230812000.0,-124725000.0,355537000.0,360231000.0,1.88,0.5676,0.1661,0.0743,0.1159,0.0363,871612200.0,516285000.0,1.88,,1.8876,,1.89,364422000.0,,362800000.0,0.2805,0.1528,IRM
2014-06-30 00:00:00,3080214100.0,1318852000.0,1761362100.0,904636000.0,514767100.0,-310183000.0,252516000.0,,204584000.0,-155425000.0,360009000.0,364014000.0,1.9,0.5718,0.1671,0.0664,0.1182,0.0546,860234200.0,514767000.0,1.91,-0.0106,1.9081,-0.0106,1.92,368894000.0,-2193000.0,366701000.0,0.2793,0.1588,IRM
2014-03-31 00:00:00,3047718100.0,1302947000.0,1744771100.0,915360000.0,499021100.0,-331084000.0,253304000.0,,167937000.0,53290000.0,114647000.0,118743000.0,0.63,0.5725,0.1637,0.0551,0.039,0.0534,834544100.0,499021000.0,0.64,-0.0089,0.6351,-0.0089,0.64,123532000.0,-1965000.0,121567000.0,0.2738,0.1498,IRM
2013-12-31 00:00:00,3024623100.0,1288878000.0,1735745100.0,924031000.0,489247100.0,-329376000.0,254174000.0,,159871000.0,62127000.0,97744000.0,96462000.0,0.51,0.5739,0.1618,0.0529,0.0319,0.0699,818542100.0,489247000.0,0.52,0.0043,0.5236,0.0043,0.52,99161000.0,831000.0,99992000.0,0.2706,0.1678,IRM
2013-09-30 00:00:00,3013908100.0,1291208000.0,1722700000.0,904885000.0,495344000.0,-320395000.0,254874000.0,,174949000.0,97661000.0,77288000.0,74309000.0,0.4,0.5716,0.1644,0.058,0.0247,0.0519,821124000.0,495344100.0,0.41,-0.0032,0.4114,-0.0032,0.41,77494000.0,441000.0,77935000.0,0.2724,0.1548,IRM
2013-06-30 00:00:00,3006719100.0,1290887000.0,1715832000.0,884178000.0,509352000.0,-279084000.0,251770000.0,,230268000.0,104591000.0,125677000.0,123269000.0,0.69,0.5707,0.1694,0.0766,0.041,0.0387,836585000.0,509352100.0,0.69,0.0,0.6994,0.0,0.69,125883000.0,1044000.0,126927000.0,0.2782,0.1445,IRM
2013-03-31 00:00:00,3004488100.0,1282891000.0,1721597000.0,863162000.0,536495000.0,-269102000.0,246997000.0,,267393000.0,127615000.0,139778000.0,134958000.0,0.77,0.573,0.1786,0.089,0.0449,0.0509,862148000.0,536495100.0,0.79,-0.01,0.7838,-0.01,0.79,139984000.0,-1382000.0,138602000.0,0.287,0.1546,IRM
2012-12-31 00:00:00,3003955100.0,1277113000.0,1726842000.0,850371000.0,555466000.0,-258661000.0,242599000.0,,296805000.0,114304000.0,182501000.0,170922000.0,0.99,0.5749,0.1849,0.0988,0.0569,0.0548,878758000.0,555466100.0,1.04,-0.05,1.0026,-0.05,1.05,182707000.0,-8659000.0,174048000.0,0.2925,0.1441,IRM
