Date,Revenue,Cost of Revenue,Gross Profit,SG&A Expenses,Operating Income,Interest Expense (Operating),Non-operating Income/Expense,Non-operating Interest Expenses,EBT,Income Tax Provision,Income after Tax,Net Income Common,EPS (Basic),Gross Margin,EBIT Margin,EBT margin,Net Profit Margin,Free Cash Flow Margin,EBITDA,EBIT,"EPS (Diluted, from Cont. Ops)","EPS (Basic, Consolidated)","EPS (Basic, from Continuous Ops)",Income from Continuous Operations,Consolidated Net Income/Loss,EBITDA Margin,Operating Cash Flow Margin,Ticker
2022-09-30 00:00:00,5278000000.0,1812000000.0,3464000000.0,2503180000.0,953190900.0,107000000.0,106000000.0,124774000.0,900000000.0,141000000.0,760344000.0,761000000.0,9.28,0.6563,0.1806,0.1705,0.1442,0.1973,1183000000.0,953191100.0,9.2566,9.3757,9.3757,760344000.0,761000000.0,0.2241,0.2147,IT
2022-06-30 00:00:00,5102000000.0,1760000000.0,3341000000.0,2413149000.0,929993800.0,107000000.0,97000000.0,126087000.0,867000000.0,132000000.0,735664000.0,736000000.0,8.87,0.6548,0.1823,0.1699,0.1443,0.2135,1168000000.0,929994000.0,8.8451,8.9675,8.9675,735664000.0,736000000.0,0.2289,0.228,IT
2022-03-31 00:00:00,4892319000.0,1638802000.0,3253517000.0,2296734000.0,907585700.0,102000000.0,174473000.0,123758000.0,970187000.0,168951000.0,801975000.0,802236000.0,9.5,0.665,0.1855,0.1983,0.164,0.2572,1142710000.0,907585900.0,9.4468,9.5791,9.5791,801975000.0,802236000.0,0.2336,0.2704,IT
2021-12-31 00:00:00,4733357000.0,1548269000.0,3186087900.0,2166085000.0,915750700.0,97000000.0,114814000.0,118513000.0,969940000.0,176604000.0,793560000.0,793336000.0,9.28,0.6731,0.1935,0.2049,0.1676,0.2646,1150308900.0,915750900.0,9.2085,9.3331,9.3331,793560000.0,793336000.0,0.243,0.2773,IT
2021-09-30 00:00:00,4540116000.0,1448697000.0,3092418800.0,2024727100.0,908477600.0,130000000.0,91839000.0,113591000.0,949096000.0,245153000.0,703808000.0,703943000.0,8.12,0.6811,0.2001,0.209,0.155,0.2811,1138757700.0,908477500.0,8.057,8.1416,8.1416,703808000.0,703943000.0,0.2508,0.2947,IT
2021-06-30 00:00:00,4378734000.0,1366464000.0,3012269800.0,2023235100.0,765906700.0,129000000.0,-1644000.0,112530000.0,764263000.0,192356000.0,571907000.0,571907000.0,6.55,0.6879,0.1749,0.1745,0.1306,0.2682,989473700.0,765906600.0,6.4894,6.55,6.55,571907000.0,571907000.0,0.226,0.2825,IT
2021-03-31 00:00:00,4184550000.0,1338213000.0,2846336800.0,2029579100.0,590843700.0,132000000.0,-146812000.0,115436000.0,444032000.0,88284000.0,355748000.0,355748000.0,4.01,0.6802,0.1412,0.1061,0.085,0.223,829425700.0,590843600.0,3.9704,4.0021,4.0021,355748000.0,355748000.0,0.1982,0.2401,IT
2020-12-31 00:00:00,4099403000.0,1345024000.0,2754378900.0,2038963100.0,490149800.0,136000000.0,-164017000.0,115636000.0,326133000.0,59388000.0,266745000.0,266745000.0,2.99,0.6719,0.1196,0.0796,0.0651,0.1999,727877800.0,490149700.0,2.9633,2.9865,2.9865,266745000.0,266745000.0,0.1776,0.2203,IT
2020-09-30 00:00:00,4190137000.0,1444464000.0,2745673100.0,2070506000.0,448158300.0,92000000.0,-167599000.0,116345000.0,280559000.0,65720000.0,214839000.0,214839000.0,2.41,0.6553,0.107,0.067,0.0513,0.1459,683860300.0,448158100.0,2.3825,2.406,2.406,214839000.0,214839000.0,0.1632,0.1732,IT
2020-06-30 00:00:00,4196021000.0,1479753000.0,2716268100.0,2061157000.0,429655300.0,,-110165000.0,109880000.0,319490000.0,80227000.0,239263000.0,239263000.0,2.68,0.6473,0.1024,0.0761,0.057,0.1349,620760300.0,429655100.0,2.6493,2.6769,2.6769,239263000.0,239263000.0,0.1479,0.1671,IT
2020-03-31 00:00:00,4293768000.0,1545201000.0,2748567000.0,2081293000.0,446006200.0,,-94466000.0,104333000.0,351540000.0,63948000.0,287592000.0,287592000.0,3.21,0.6401,0.1039,0.0819,0.067,0.1006,644602200.0,446006000.0,3.1698,3.2078,3.2078,287592000.0,287592000.0,0.1501,0.1364,IT
2019-12-31 00:00:00,4245321000.0,1550568000.0,2694753000.0,2103424000.0,370087200.0,,-94348000.0,102831000.0,275739000.0,42449000.0,233290000.0,233290000.0,2.6,0.6348,0.0872,0.065,0.055,0.0981,588363200.0,370087000.0,2.5645,2.5975,2.5975,233290000.0,233290000.0,0.1386,0.1332,IT
2019-09-30 00:00:00,4130707000.0,1507542000.0,2623165000.0,2033961000.0,363554000.0,,-87430000.0,100796000.0,276124000.0,26515000.0,249609000.0,249609000.0,2.77,0.635,0.088,0.0668,0.0604,0.0895,580668000.0,363553900.0,2.7328,2.7655,2.7655,249609000.0,249609000.0,0.1406,0.1278,IT
2019-06-30 00:00:00,4051879000.0,1478598000.0,2573281000.0,1969339000.0,347131000.0,,-86152000.0,103707000.0,260979000.0,41005000.0,219974000.0,219974000.0,2.44,0.6351,0.0857,0.0644,0.0543,0.1015,622567000.0,347130900.0,2.4049,2.4342,2.4342,219974000.0,219974000.0,0.1536,0.1376,IT
2019-03-31 00:00:00,3982333000.0,1458236000.0,2524097100.0,1915166000.0,317225200.0,,-72180000.0,116562000.0,245045000.0,82207000.0,162838000.0,162838000.0,1.8,0.6338,0.0797,0.0615,0.0409,0.0941,592730200.0,317225100.0,1.773,1.7949,1.7949,162838000.0,162838000.0,0.1488,0.1266,IT
2018-12-31 00:00:00,3975454000.0,1468800000.0,2506654100.0,1884141000.0,259715200.0,,-78594000.0,126774000.0,181121000.0,58665000.0,122456000.0,122456000.0,1.35,0.6305,0.0653,0.0456,0.0308,0.0866,529131200.0,259715100.0,1.3293,1.3483,1.3483,122456000.0,122456000.0,0.1331,0.1185,IT
2018-09-30 00:00:00,3901084000.0,1459335900.0,2441748000.0,1861456100.0,193012900.0,,-94472000.0,138970000.0,98531000.0,-47212000.0,145743000.0,145743000.0,1.6,0.6259,0.0495,0.0253,0.0374,0.0893,481644900.0,193012900.0,1.5827,1.5847,1.5847,145743000.0,145743000.0,0.1235,0.1149,IT
2018-06-30 00:00:00,3807495000.0,1455430900.0,2352064000.0,1835082100.0,115940000.0,,-117292000.0,150748000.0,-1362000.0,-87172000.0,85810000.0,85810000.0,0.94,0.6177,0.0305,-0.0004,0.0225,0.0628,407106000.0,115940000.0,0.9236,0.9237,0.9237,85810000.0,85810000.0,0.1069,0.0915,IT
2018-03-31 00:00:00,3649890000.0,1439797900.0,2210092000.0,1782505100.0,-68544100.0,,-150631000.0,157100000.0,-219185000.0,-166444000.0,-52741000.0,-52741000.0,-0.6,0.6055,-0.0188,-0.0601,-0.0145,0.0463,239614900.0,-68544100.0,-0.6119,-0.6179,-0.6179,-52741000.0,-52741000.0,0.0656,0.0786,IT
2017-12-31 00:00:00,3311494000.0,1320197900.0,1991296000.0,1599004100.0,-6329000.0,,-121488000.0,127947000.0,-127817000.0,-131096000.0,3279000.0,3279000.0,0.06,0.6013,-0.0019,-0.0386,0.001,0.0434,248904000.0,-6329000.0,0.0365,0.0371,0.0371,3279000.0,3279000.0,0.0752,0.0769,IT
2017-09-30 00:00:00,3000201900.0,1200883000.0,1799318900.0,1423494900.0,39454200.0,,-89473000.0,96895000.0,-50009000.0,-12466000.0,-37543000.0,-37543000.0,-0.32,0.5997,0.0132,-0.0167,-0.0125,0.0757,237777200.0,39454400.0,-0.3418,-0.3206,-0.3206,-37543000.0,-37543000.0,0.0793,0.1052,IT
2017-06-30 00:00:00,2746175900.0,1091798000.0,1654377900.0,1272233900.0,112529100.0,,-55860000.0,64065000.0,56679000.0,15558000.0,41121000.0,41121000.0,0.58,0.6024,0.041,0.0206,0.015,0.0803,254732100.0,112529300.0,0.5536,0.5799,0.5799,41121000.0,41121000.0,0.0928,0.1044,IT
2017-03-31 00:00:00,2512442900.0,971216000.0,1541226900.0,1136016900.0,294216100.0,,-17605000.0,27465000.0,276621000.0,91593000.0,185028000.0,185028000.0,2.19,0.6134,0.1171,0.1101,0.0736,0.1069,360837000.0,294216300.0,2.2037,2.2386,2.2386,185028000.0,185028000.0,0.1436,0.1284,IT
2016-12-31 00:00:00,2444539900.0,945648000.0,1498891900.0,1089183900.0,305141000.0,,-16710000.0,27565000.0,288431000.0,94849000.0,193582000.0,193582000.0,2.24,0.6132,0.1248,0.118,0.0792,0.1292,370191900.0,305141200.0,2.3095,2.3444,2.3444,193582000.0,193582000.0,0.1514,0.1496,IT
2016-09-30 00:00:00,2385090800.0,923802000.0,1461288800.0,1058131000.0,298074700.0,,-19162000.0,27073000.0,278913000.0,86053000.0,192860000.0,192860000.0,2.24,0.6127,0.125,0.1169,0.0809,0.1319,361018600.0,298074800.0,2.2934,2.326,2.326,192860000.0,192860000.0,0.1514,0.1516,IT
2016-06-30 00:00:00,2311197800.0,894282000.0,1416915800.0,1024584000.0,301822700.0,,-15866000.0,27190000.0,285957000.0,93215000.0,192742000.0,192742000.0,2.24,0.6131,0.1306,0.1237,0.0834,0.1342,361546600.0,301822800.0,2.2906,2.323,2.323,192742000.0,192742000.0,0.1564,0.1549,IT
2016-03-31 00:00:00,2249135800.0,873355000.0,1375780800.0,990566000.0,303743700.0,,-15466000.0,25074000.0,288278000.0,96007000.0,192271000.0,192271000.0,2.27,0.6117,0.135,0.1282,0.0855,0.1388,356849700.0,303743800.0,2.2809,2.3125,2.3125,192271000.0,192271000.0,0.1587,0.1571,IT
2015-12-31 00:00:00,2163055800.0,839076000.0,1323979800.0,962677000.0,287996700.0,,-15786000.0,22548000.0,272211000.0,96576000.0,175635000.0,175635000.0,2.11,0.6121,0.1331,0.1258,0.0812,0.1384,336639700.0,287996800.0,2.0649,2.0945,2.0945,175635000.0,175635000.0,0.1556,0.1598,IT
2015-09-30 00:00:00,2103266900.0,817734000.0,1285532900.0,939756000.0,282215900.0,,-14384000.0,19483000.0,267832000.0,98816000.0,169016000.0,169016000.0,1.98,0.6112,0.1342,0.1273,0.0804,0.1371,328126900.0,282216100.0,1.95,1.9788,1.9788,169016000.0,169016000.0,0.156,0.1605,IT
2015-06-30 00:00:00,2074040900.0,812191000.0,1261849900.0,920426000.0,279132900.0,,-16645000.0,16090000.0,262488000.0,89992000.0,172496000.0,172496000.0,1.99,0.6084,0.1346,0.1266,0.0832,0.1449,322980900.0,279133100.0,1.9663,1.9953,1.9953,172496000.0,172496000.0,0.1557,0.1656,IT
2015-03-31 00:00:00,2045924900.0,804874000.0,1241050900.0,900972000.0,275673900.0,,-13442000.0,13530000.0,262232000.0,87851000.0,174381000.0,174381000.0,1.97,0.6066,0.1347,0.1282,0.0852,0.1442,319376900.0,275674100.0,1.9438,1.973,1.973,174381000.0,174381000.0,0.1561,0.1642,IT
2014-12-31 00:00:00,2021440900.0,797933000.0,1223507900.0,876067000.0,286161900.0,,-11479000.0,12300000.0,274683000.0,90917000.0,183766000.0,183766000.0,2.05,0.6053,0.1416,0.1359,0.0909,0.1525,328218900.0,286162100.0,2.0257,2.0571,2.0571,183766000.0,183766000.0,0.1624,0.1716,IT
2014-09-30 00:00:00,1958169000.0,772166000.0,1186003000.0,852984000.0,279079000.0,,-10212000.0,11270000.0,268867000.0,82827000.0,186040000.0,186040000.0,2.05,0.6057,0.1425,0.1373,0.095,0.1608,319120000.0,279079000.0,2.017,2.0509,2.0509,186040000.0,186040000.0,0.163,0.1783,IT
2014-06-30 00:00:00,1897934000.0,745842000.0,1152092000.0,817505000.0,288431000.0,,-9388000.0,10738000.0,279043000.0,88655000.0,190388000.0,190388000.0,2.08,0.607,0.152,0.147,0.1003,0.1539,326794000.0,288431000.0,2.0445,2.0806,2.0806,190388000.0,190388000.0,0.1722,0.1729,IT
2014-03-31 00:00:00,1824161000.0,720568000.0,1103593000.0,784597000.0,280657000.0,,-9307000.0,10202000.0,271350000.0,87488000.0,183862000.0,183862000.0,1.99,0.605,0.1539,0.1488,0.1008,0.1515,317836000.0,280657000.0,1.9487,1.9852,1.9852,183862000.0,183862000.0,0.1742,0.1713,IT
2013-12-31 00:00:00,1784213000.0,713484000.0,1070729000.0,760458000.0,275492000.0,,-9053000.0,10388000.0,266439000.0,83638000.0,182801000.0,182801000.0,1.97,0.6001,0.1544,0.1493,0.1025,0.1565,312644000.0,275492000.0,1.9277,1.9653,1.9653,182801000.0,182801000.0,0.1752,0.1769,IT
2013-09-30 00:00:00,1738255000.0,703590000.0,1034665000.0,733869000.0,266395900.0,,-8520000.0,10052000.0,257876000.0,77670000.0,180206000.0,180206000.0,1.93,0.5952,0.1533,0.1484,0.1037,0.1564,302826900.0,266395900.0,1.8898,1.9302,1.9302,180206000.0,180206000.0,0.1742,0.1801,IT
2013-06-30 00:00:00,1701956000.0,692998000.0,1008958000.0,717211000.0,257420900.0,,-9358000.0,10137000.0,248063000.0,74676000.0,173387000.0,173387000.0,1.86,0.5928,0.1513,0.1458,0.1019,0.163,292774900.0,257420900.0,1.8132,1.8536,1.8536,173387000.0,173387000.0,0.172,0.1884,IT
2013-03-31 00:00:00,1653391000.0,676341000.0,977050000.0,696803000.0,246155900.0,,-9163000.0,10146000.0,236993000.0,68636000.0,168357000.0,168357000.0,1.8,0.5909,0.1489,0.1433,0.1018,0.1415,280083900.0,246155900.0,1.7592,1.8009,1.8009,168357000.0,168357000.0,0.1694,0.1698,IT
2012-12-31 00:00:00,1615808000.0,659067000.0,956741000.0,678843000.0,245706900.0,,-10111000.0,9905000.0,235596000.0,69693000.0,165903000.0,165903000.0,1.78,0.5921,0.1521,0.1458,0.1027,0.1457,277485900.0,245706900.0,1.731,1.7754,1.7754,165903000.0,165903000.0,0.1717,0.1732,IT
