Date,Revenue,Cost of Revenue,Gross Profit,SG&A Expenses,Operating Income,Interest Expense (Operating),Non-operating Income/Expense,Non-operating Interest Expenses,EBT,Income Tax Provision,Income after Tax,Net Income Common,EPS (Basic),Gross Margin,EBIT Margin,EBT margin,Net Profit Margin,Free Cash Flow Margin,EBITDA,EBIT,"EPS (Diluted, from Cont. Ops)","EPS (Diluted, from Disc. Ops)","EPS (Basic, Consolidated)","EPS (Basic, from Discontinued Ops)","EPS (Basic, from Continuous Ops)",Income from Continuous Operations,Income from Discontinued Operations,Consolidated Net Income/Loss,EBITDA Margin,Operating Cash Flow Margin,Ticker
2022-09-30 00:00:00,15640000000.0,9311000000.0,6329000000.0,2556000000.0,3638000000.0,196000000.0,-125000000.0,196000000.0,3513000000.0,777000000.0,2736000000.0,2736000000.0,8.79,0.4047,0.2326,0.2246,0.1749,0.127,4053000000.0,3638000000.0,8.7624,,8.7922,,8.7922,2736000000.0,,2736000000.0,0.2591,0.1478,ITW
2022-06-30 00:00:00,15185000000.0,9036000000.0,6149000000.0,2513000000.0,3500000000.0,193000000.0,-138000000.0,193000000.0,3362000000.0,714000000.0,2648000000.0,2648000000.0,8.46,0.4049,0.2305,0.2214,0.1744,0.1266,3917000000.0,3500000000.0,8.4378,,8.4691,,8.4691,2648000000.0,,2648000000.0,0.258,0.146,ITW
2022-03-31 00:00:00,14850000000.0,8807000000.0,6043000000.0,2442000000.0,3467000000.0,198000000.0,-145000000.0,198000000.0,3322000000.0,637000000.0,2685000000.0,2685000000.0,8.55,0.4069,0.2335,0.2237,0.1808,0.1331,3883000000.0,3467000000.0,8.5142,,8.5487,,8.5487,2685000000.0,,2685000000.0,0.2615,0.1529,ITW
2021-12-31 00:00:00,14455000000.0,8489000000.0,5966000000.0,2356000000.0,3477000000.0,202000000.0,-151000000.0,202000000.0,3326000000.0,632000000.0,2694000000.0,2694000000.0,8.55,0.4127,0.2405,0.2301,0.1864,0.157,3887000000.0,3477000000.0,8.5146,,8.5497,,8.5497,2694000000.0,,2694000000.0,0.2689,0.1769,ITW
2021-09-30 00:00:00,14251000000.0,8298000000.0,5953000000.0,2292000000.0,3526000000.0,205000000.0,-168000000.0,205000000.0,3358000000.0,631000000.0,2727000000.0,2727000000.0,8.64,0.4177,0.2474,0.2356,0.1914,0.1599,3937000000.0,3526000000.0,8.5987,,8.6351,,8.6351,2727000000.0,,2727000000.0,0.2763,0.1794,ITW
2021-06-30 00:00:00,14002000000.0,8112000000.0,5890000000.0,2271000000.0,3470000000.0,208000000.0,-179000000.0,208000000.0,3291000000.0,621000000.0,2670000000.0,2670000000.0,8.45,0.4207,0.2478,0.235,0.1907,0.1687,3895000000.0,3470000000.0,8.4067,,8.4428,,8.4428,2670000000.0,,2670000000.0,0.2782,0.1871,ITW
2021-03-31 00:00:00,12890000000.0,7543000000.0,5347000000.0,2169000000.0,3026000000.0,207000000.0,-192000000.0,207000000.0,2834000000.0,620000000.0,2214000000.0,2214000000.0,7.0,0.4148,0.2348,0.2199,0.1718,0.1991,3449000000.0,3026000000.0,6.9661,,6.9964,,6.9964,2214000000.0,,2214000000.0,0.2676,0.2174,ITW
2020-12-31 00:00:00,12574000000.0,7375000000.0,5199000000.0,2163000000.0,2882000000.0,206000000.0,-178000000.0,206000000.0,2704000000.0,595000000.0,2109000000.0,2109000000.0,6.66,0.4135,0.2292,0.215,0.1677,0.2053,3309000000.0,2882000000.0,6.6258,,6.6552,,6.6552,2109000000.0,,2109000000.0,0.2632,0.2232,ITW
2020-09-30 00:00:00,12568000000.0,7397000000.0,5171000000.0,2192000000.0,2823000000.0,205000000.0,-112000000.0,205000000.0,2711000000.0,603000000.0,2108000000.0,2108000000.0,6.63,0.4114,0.2246,0.2157,0.1677,0.2044,3250000000.0,2823000000.0,6.593,,6.6197,,6.6197,2108000000.0,,2108000000.0,0.2586,0.2234,ITW
2020-06-30 00:00:00,12740000000.0,7494000000.0,5246000000.0,2198000000.0,2902000000.0,,-88000000.0,205000000.0,2814000000.0,628000000.0,2186000000.0,2186000000.0,6.84,0.4118,0.2278,0.2209,0.1716,0.2183,3315000000.0,2902000000.0,6.7992,,6.8286,,6.8286,2186000000.0,,2186000000.0,0.2602,0.239,ITW
2020-03-31 00:00:00,13785000000.0,7999000000.0,5786000000.0,2310000000.0,3324000000.0,,-91000000.0,209000000.0,3233000000.0,743000000.0,2490000000.0,2490000000.0,7.75,0.4197,0.2411,0.2345,0.1806,0.1966,3744000000.0,3324000000.0,7.7017,,7.7375,,7.7375,2490000000.0,,2490000000.0,0.2716,0.2171,ITW
2019-12-31 00:00:00,14109000000.0,8187000000.0,5922000000.0,2361000000.0,3402000000.0,,-114000000.0,221000000.0,3288000000.0,767000000.0,2521000000.0,2521000000.0,7.79,0.4197,0.2411,0.233,0.1787,0.1909,3828000000.0,3402000000.0,7.7426,,7.7833,,7.7833,2521000000.0,,2521000000.0,0.2713,0.2123,ITW
2019-09-30 00:00:00,14220000000.0,8261000000.0,5959000000.0,2353000000.0,3438000000.0,,-165000000.0,233000000.0,3273000000.0,786000000.0,2487000000.0,2487000000.0,7.63,0.4191,0.2418,0.2302,0.1749,0.1925,3874000000.0,3438000000.0,7.5889,,7.6319,,7.6319,2487000000.0,,2487000000.0,0.2724,0.2131,ITW
2019-06-30 00:00:00,14354000000.0,8350000000.0,6004000000.0,2368000000.0,3459000000.0,,-193000000.0,245000000.0,3266000000.0,801000000.0,2465000000.0,2465000000.0,7.49,0.4183,0.241,0.2275,0.1717,0.184,3906000000.0,3459000000.0,7.4547,,7.4983,,7.4983,2465000000.0,,2465000000.0,0.2721,0.2058,ITW
2019-03-31 00:00:00,14576000000.0,8482000000.0,6094000000.0,2390000000.0,3520000000.0,,-185000000.0,254000000.0,3335000000.0,827000000.0,2508000000.0,2508000000.0,7.55,0.4181,0.2415,0.2288,0.1721,0.1762,3976000000.0,3520000000.0,7.5124,,7.5582,,7.5582,2508000000.0,,2508000000.0,0.2728,0.1982,ITW
2018-12-31 00:00:00,14768000000.0,8604000000.0,6164000000.0,2391000000.0,3584000000.0,,-190000000.0,257000000.0,3394000000.0,831000000.0,2563000000.0,2563000000.0,7.65,0.4174,0.2427,0.2298,0.1736,0.1675,4045000000.0,3584000000.0,7.6031,,7.6507,,7.6507,2563000000.0,,2563000000.0,0.2739,0.1903,ITW
2018-09-30 00:00:00,14817000000.0,8632000000.0,6185000000.0,2422000000.0,3570000000.0,,-196000000.0,260000000.0,3374000000.0,1494000000.0,1880000000.0,1880000000.0,5.59,0.4174,0.2409,0.2277,0.1269,0.1591,4034000000.0,3570000000.0,5.5597,,5.5965,,5.5965,1880000000.0,,1880000000.0,0.2723,0.182,ITW
2018-06-30 00:00:00,14819000000.0,8628000000.0,6191000000.0,2433000000.0,3641000000.0,,-196000000.0,261000000.0,3445000000.0,1563000000.0,1882000000.0,1882000000.0,5.54,0.4178,0.2457,0.2325,0.127,0.1562,4106000000.0,3641000000.0,5.5066,,5.546,,5.546,1882000000.0,,1882000000.0,0.2771,0.1777,ITW
2018-03-31 00:00:00,14587000000.0,8484000000.0,6103000000.0,2416000000.0,3581000000.0,,-211000000.0,262000000.0,3370000000.0,1567000000.0,1803000000.0,1803000000.0,5.26,0.4184,0.2455,0.231,0.1236,0.1483,4044000000.0,3581000000.0,5.2306,,5.2709,,5.2709,1803000000.0,,1803000000.0,0.2772,0.1698,ITW
2017-12-31 00:00:00,14314000000.0,8306000000.0,6008000000.0,2412000000.0,3485000000.0,,-215000000.0,260000000.0,3270000000.0,1583000000.0,1687000000.0,1687000000.0,4.89,0.4197,0.2435,0.2284,0.1179,0.148,3947000000.0,3485000000.0,4.8644,,4.9026,,4.9026,1687000000.0,,1687000000.0,0.2757,0.1678,ITW
2017-09-30 00:00:00,14084000000.0,8200000000.0,5884000000.0,2396000000.0,3373000000.0,,-173000000.0,257000000.0,3200000000.0,930000000.0,2270000000.0,2270000000.0,6.57,0.4178,0.2395,0.2272,0.1612,0.1487,3835000000.0,3373000000.0,6.518,,6.5687,,6.5687,2270000000.0,,2270000000.0,0.2723,0.1683,ITW
2017-06-30 00:00:00,13964000000.0,8135000000.0,5829000000.0,2408000000.0,3221000000.0,,-164000000.0,250000000.0,3057000000.0,892000000.0,2165000000.0,2165000000.0,6.22,0.4174,0.2307,0.2189,0.155,0.1387,3687000000.0,3221000000.0,6.1732,,6.2184,,6.2184,2165000000.0,,2165000000.0,0.264,0.1586,ITW
2017-03-31 00:00:00,13796000000.0,8015000000.0,5781000000.0,2422000000.0,3141000000.0,,-152000000.0,243000000.0,2989000000.0,886000000.0,2103000000.0,2103000000.0,5.99,0.419,0.2277,0.2167,0.1524,0.1466,3608000000.0,3141000000.0,5.9484,,5.9877,,5.9877,2103000000.0,,2103000000.0,0.2615,0.1657,ITW
2016-12-31 00:00:00,13599000000.0,7908000000.0,5691000000.0,2411000000.0,3056000000.0,,-148000000.0,237000000.0,2908000000.0,873000000.0,2035000000.0,2035000000.0,5.73,0.4185,0.2247,0.2138,0.1496,0.1504,3526000000.0,3056000000.0,5.6987,,5.7323,,5.7323,2035000000.0,,2035000000.0,0.2593,0.1693,ITW
2016-09-30 00:00:00,13475000000.0,7831000000.0,5644000000.0,2416000000.0,3001000000.0,,-185000000.0,232000000.0,2816000000.0,838000000.0,1978000000.0,1978000000.0,5.51,0.4188,0.2227,0.209,0.1468,0.1548,3474000000.0,3001000000.0,5.4837,,5.5136,,5.5136,1978000000.0,,1978000000.0,0.2578,0.1737,ITW
2016-06-30 00:00:00,13334000000.0,7757000000.0,5577000000.0,2393000000.0,2954000000.0,,-176000000.0,233000000.0,2778000000.0,824000000.0,1954000000.0,1954000000.0,5.4,0.4183,0.2215,0.2083,0.1465,0.164,3427000000.0,2954000000.0,5.3708,,5.3998,,5.3998,1954000000.0,,1954000000.0,0.257,0.1817,ITW
2016-03-31 00:00:00,13337000000.0,7814000000.0,5523000000.0,2398000000.0,2892000000.0,,-169000000.0,230000000.0,2723000000.0,814000000.0,1909000000.0,1909000000.0,5.24,0.4141,0.2168,0.2042,0.1431,0.1576,3368000000.0,2892000000.0,5.2093,,5.2384,,5.2384,1909000000.0,,1909000000.0,0.2525,0.1752,ITW
2015-12-31 00:00:00,13405000000.0,7888000000.0,5517000000.0,2417000000.0,2867000000.0,,-148000000.0,226000000.0,2719000000.0,820000000.0,1899000000.0,1899000000.0,5.17,0.4116,0.2139,0.2028,0.1417,0.1526,3344000000.0,2867000000.0,5.131,,5.1617,,5.1617,1899000000.0,,1899000000.0,0.2495,0.1715,ITW
2015-09-30 00:00:00,13634000000.0,8061000000.0,5573000000.0,2463000000.0,2874000000.0,,-132000000.0,222000000.0,2742000000.0,832000000.0,1910000000.0,1899000000.0,5.1,0.4088,0.2108,0.2011,0.1393,0.1307,3350000000.0,2874000000.0,5.0727,,5.1048,,5.1065,1910000000.0,,1899000000.0,0.2457,0.1507,ITW
2015-06-30 00:00:00,13972000000.0,8290000000.0,5682000000.0,2557000000.0,2885000000.0,,-144000000.0,231000000.0,2741000000.0,835000000.0,1906000000.0,1919000000.0,5.05,0.4067,0.2065,0.1962,0.1373,0.0918,3369000000.0,2885000000.0,4.9607,,5.0529,,4.9969,1906000000.0,,1919000000.0,0.2411,0.1159,ITW
2015-03-31 00:00:00,14257000000.0,8485000000.0,5772000000.0,2612000000.0,2918000000.0,,-167000000.0,240000000.0,2751000000.0,831000000.0,1920000000.0,2931000000.0,7.43,0.4049,0.2047,0.193,0.2056,0.098,3413000000.0,2918000000.0,4.8678,,7.4288,,4.9061,1920000000.0,,2931000000.0,0.2394,0.1223,ITW
2014-12-31 00:00:00,14484000000.0,8673000000.0,5811000000.0,2678000000.0,2888000000.0,,-189000000.0,250000000.0,2699000000.0,809000000.0,1890000000.0,2946000000.0,7.33,0.4012,0.1994,0.1863,0.2034,0.0886,3395000000.0,2888000000.0,4.67,2.61,7.3338,2.63,4.7,1890000000.0,1056000000.0,2946000000.0,0.2344,0.1116,ITW
2014-09-30 00:00:00,14534000000.0,8732000000.0,5802000000.0,2723000000.0,2830000000.0,,-215000000.0,256000000.0,2615000000.0,779000000.0,1836000000.0,2904000000.0,7.09,0.3992,0.1947,0.1799,0.1998,0.1045,3351000000.0,2830000000.0,4.43,2.72,7.0867,2.74,4.44,1836000000.0,1068000000.0,2904000000.0,0.2306,0.1284,ITW
2014-06-30 00:00:00,14410000000.0,8698000000.0,5712000000.0,2724000000.0,2736000000.0,,-217000000.0,248000000.0,2519000000.0,784000000.0,1735000000.0,2825000000.0,6.75,0.3964,0.1899,0.1748,0.196,0.1466,3276000000.0,2736000000.0,4.05,2.77,6.7527,2.79,4.06,1735000000.0,1090000000.0,2825000000.0,0.2273,0.167,ITW
2014-03-31 00:00:00,14284000000.0,8634000000.0,5650000000.0,2794000000.0,2603000000.0,,-209000000.0,243000000.0,2394000000.0,737000000.0,1657000000.0,1798000000.0,4.09,0.3955,0.1822,0.1676,0.1259,0.1519,3158000000.0,2603000000.0,3.76,0.22,4.1003,0.22,3.77,1657000000.0,141000000.0,1798000000.0,0.2211,0.1733,ITW
2013-12-31 00:00:00,14135000000.0,8554000000.0,5581000000.0,2815000000.0,2514000000.0,,-167000000.0,239000000.0,2347000000.0,717000000.0,1630000000.0,1679000000.0,3.75,0.3948,0.1779,0.166,0.1188,0.1555,3127000000.0,2514000000.0,3.63,,3.7629,,3.65,1630000000.0,49000000.0,1679000000.0,0.2212,0.1788,ITW
2013-09-30 00:00:00,12818000000.0,7649000000.0,5169000000.0,2690000000.0,2242000000.0,,738000000.0,240000000.0,2980000000.0,952000000.0,2028000000.0,2250000000.0,4.95,0.4033,0.1749,0.2325,0.1755,0.1633,2873000000.0,2242000000.0,4.43,0.48,4.942,0.49,4.46,2028000000.0,222000000.0,2250000000.0,0.2241,0.1892,ITW
2013-06-30 00:00:00,12983000000.0,7790000000.0,5193000000.0,2727000000.0,2231000000.0,,737000000.0,232000000.0,2968000000.0,901000000.0,2067000000.0,2322000000.0,5.07,0.4,0.1718,0.2286,0.1788,0.1467,2867000000.0,2231000000.0,4.48,0.55,5.0557,0.56,4.51,2067000000.0,255000000.0,2322000000.0,0.2208,0.1732,ITW
2013-03-31 00:00:00,13853000000.0,8449000000.0,5404000000.0,2799000000.0,2359000000.0,,760000000.0,223000000.0,3119000000.0,949000000.0,2170000000.0,2738000000.0,5.9,0.3901,0.1703,0.2251,0.1976,0.1268,3007000000.0,2359000000.0,4.65,1.2,5.8844,1.21,4.68,2170000000.0,568000000.0,2738000000.0,0.2171,0.1527,ITW
2012-12-31 00:00:00,14791000000.0,9134000000.0,5657000000.0,2928000000.0,2475000000.0,,731000000.0,213000000.0,3206000000.0,973000000.0,2233000000.0,2870000000.0,6.13,0.3825,0.1673,0.2168,0.194,0.1163,3088000000.0,2475000000.0,4.72,1.35,6.109,1.36,4.75,2233000000.0,637000000.0,2870000000.0,0.2088,0.1401,ITW
