Date,Revenue,Cost of Revenue,Gross Profit,SG&A Expenses,Operating Income,Non-operating Income/Expense,Non-operating Interest Expenses,EBT,Income Tax Provision,Income after Tax,Net Income Common,EPS (Basic),Gross Margin,EBIT Margin,EBT margin,Net Profit Margin,Free Cash Flow Margin,EBITDA,EBIT,"EPS (Diluted, from Cont. Ops)","EPS (Diluted, from Disc. Ops)","EPS (Basic, Consolidated)","EPS (Basic, from Discontinued Ops)","EPS (Basic, from Continuous Ops)",Income from Continuous Operations,Income from Discontinued Operations,Consolidated Net Income/Loss,EBITDA Margin,Operating Cash Flow Margin,Ticker
2022-09-30 00:00:00,6099000000.0,1979400100.0,4389500000.0,2765700200.0,1581800000.0,-17000000.0,349000000.0,1545000000.0,363300000.0,1181800100.0,923000000.0,2.0,0.7197,0.2594,0.2533,0.1513,0.1344,1778900000.0,1581799900.0,2.5555,,2.5676,,2.5676,1181800100.0,,1182000000.0,0.2917,0.1599,IVZ
2022-06-30 00:00:00,6672000000.0,2074500100.0,4598700000.0,2871600200.0,1695400000.0,-28000000.0,329000000.0,1975000000.0,416200000.0,1559100100.0,1076000000.0,2.32,0.6893,0.2541,0.296,0.1613,0.117,1895600100.0,1695399900.0,3.36,,3.3769,,3.3769,1559100100.0,,1560000000.0,0.2841,0.1348,IVZ
2022-03-31 00:00:00,6874400000.0,2139100100.0,4725100000.0,2917900200.0,1821599900.0,150400000.0,268600000.0,2342300000.0,507400000.0,1835300100.0,1323300000.0,2.86,0.6873,0.265,0.3407,0.1925,0.14,2025300000.0,1821599800.0,3.9456,,3.9672,,3.9672,1835300100.0,,1836100000.0,0.2946,0.1563,IVZ
2021-12-31 00:00:00,6849100000.0,2149300100.0,4745200000.0,2960000200.0,1788199700.0,249200000.0,216400000.0,2500400000.0,531100000.0,1969400100.0,1393100000.0,3.01,0.6928,0.2611,0.3651,0.2034,0.1725,1993499800.0,1788199600.0,4.2317,,4.2553,,4.2553,1969400100.0,,1969700000.0,0.2911,0.1884,IVZ
2021-09-30 00:00:00,6924200000.0,2116500100.0,4644700000.0,2938599900.0,1496800200.0,482100000.0,153800000.0,2212100000.0,469300000.0,1743100000.0,1177200000.0,2.55,0.6708,0.2162,0.3195,0.17,0.2115,1704900200.0,1496800400.0,3.7473,,3.7725,,3.7725,1743100000.0,,1743500000.0,0.2462,0.2281,IVZ
2021-06-30 00:00:00,6508800000.0,2050900100.0,4457900000.0,2879699900.0,1301500100.0,612200000.0,106600000.0,1913700000.0,421500000.0,1492200000.0,1038900000.0,2.26,0.6849,0.2,0.294,0.1596,0.2051,1510200100.0,1301500300.0,3.2123,,3.234,,3.234,1492200000.0,,1492200000.0,0.232,0.2228,IVZ
2021-03-31 00:00:00,6206400000.0,1955300100.0,4251100000.0,2923899900.0,947700100.0,422100000.0,116800000.0,1369800000.0,310700000.0,1059100000.0,711100000.0,1.55,0.685,0.1527,0.2207,0.1146,0.1876,1153900100.0,947700300.0,2.2842,,2.299,,2.299,1059100000.0,,1059100000.0,0.1859,0.2063,IVZ
2020-12-31 00:00:00,6145600000.0,1947600100.0,4198000000.0,2884299900.0,920400200.0,148700000.0,129300000.0,1069100000.0,261600000.0,807500000.0,524800000.0,1.15,0.6831,0.1498,0.174,0.0854,0.1815,1123900200.0,920400400.0,1.746,,1.7573,,1.7573,807500000.0,,807500000.0,0.1829,0.2002,IVZ
2020-09-30 00:00:00,6258300000.0,1968000000.0,4290300000.0,2918400200.0,1017199600.0,-24800000.0,139500000.0,992400100.0,273100000.0,719300100.0,493500000.0,1.09,0.6855,0.1625,0.1586,0.0789,0.1578,1219999600.0,1017199600.0,1.5693,,1.58,,1.58,719300100.0,,719300000.0,0.1949,0.1774,IVZ
2020-06-30 00:00:00,6481300000.0,2032300000.0,4449000000.0,2956000200.0,1023799700.0,-101400000.0,140700000.0,922400100.0,255200000.0,667200100.0,468900000.0,1.03,0.6864,0.158,0.1423,0.0723,0.14,1223499700.0,1023799700.0,1.4531,,1.4651,,1.4651,667200100.0,,667200000.0,0.1888,0.1589,IVZ
2020-03-31 00:00:00,6501700000.0,2040100000.0,4461600000.0,2834200200.0,924999800.0,-31500000.0,138900000.0,893500100.0,226300000.0,667200100.0,468500000.0,1.03,0.6862,0.1423,0.1374,0.0721,0.1596,1114699800.0,924999800.0,1.4621,,1.474,,1.474,667200100.0,,667200000.0,0.1714,0.1784,IVZ
2019-12-31 00:00:00,6117400000.0,1893000000.0,4224400000.0,2743200200.0,808199800.0,164700000.0,135700000.0,972900100.0,235100000.0,737800100.0,564700000.0,1.29,0.6906,0.1321,0.159,0.0923,0.1622,985799800.0,808199800.0,1.6748,,1.6853,,1.6853,737800100.0,,737800000.0,0.1611,0.1825,IVZ
2019-09-30 00:00:00,5630500000.0,1737099900.0,3893400200.0,2571100000.0,724000000.0,73900000.0,130300000.0,797900000.0,207900000.0,590000000.0,499100000.0,1.17,0.6915,0.1286,0.1417,0.0886,0.129,885600000.0,723999900.0,1.3708,,1.3759,,1.3759,590000000.0,,590000000.0,0.1573,0.1485,IVZ
2019-06-30 00:00:00,5251700000.0,1599999900.0,3651700200.0,2434800000.0,771000100.0,52600000.0,124900000.0,823600000.0,195000000.0,628600000.0,601600000.0,1.46,0.6953,0.1468,0.1568,0.1146,0.1284,923700100.0,771000000.0,1.5298,,1.5304,,1.5304,628600000.0,,628600000.0,0.1759,0.1484,IVZ
2019-03-31 00:00:00,5172900000.0,1557099900.0,3615800200.0,2367300000.0,1083999900.0,-22700000.0,121400000.0,1061300000.0,252800000.0,808500000.0,806600000.0,1.96,0.699,0.2096,0.2052,0.1559,0.1271,1228799900.0,1083999800.0,1.9711,,1.9711,,1.9711,808500000.0,,808500000.0,0.2375,0.147,IVZ
2018-12-31 00:00:00,5314100000.0,1608199900.0,3705900300.0,2364100000.0,1204900000.0,-66800000.0,111500000.0,1138100000.0,255000000.0,883100000.0,882800000.0,2.14,0.6974,0.2267,0.2142,0.1661,0.1367,1347000000.0,1204899900.0,2.1409,,2.1413,,2.1413,883100000.0,,883100000.0,0.2535,0.156,IVZ
2018-09-30 00:00:00,5433800000.0,1626900000.0,3806899900.0,2312900000.0,1317100000.0,72400000.0,105900000.0,1389500000.0,178600000.0,1210900000.0,1190400000.0,2.86,0.7006,0.2424,0.2557,0.2191,0.1748,1457300000.0,1317100000.0,2.9018,,2.9045,,2.9045,1210900000.0,,1210900000.0,0.2682,0.1927,IVZ
2018-06-30 00:00:00,5429700000.0,1599300000.0,3830399800.0,2331300000.0,1355299800.0,89600000.0,99900000.0,1444900000.0,240600000.0,1204300000.0,1188300000.0,2.86,0.7055,0.2496,0.2661,0.2189,0.1977,1485599800.0,1355299800.0,2.8921,,2.8956,,2.8956,1204300000.0,,1204300000.0,0.2736,0.2157,IVZ
2018-03-31 00:00:00,5323500000.0,1556300000.0,3767199800.0,2304600000.0,1342299900.0,130600000.0,94000000.0,1472900000.0,260900000.0,1212000000.0,1175600000.0,2.85,0.7077,0.2521,0.2767,0.2208,0.1642,1466400000.0,1342299900.0,2.9352,,2.9391,,2.9391,1212000000.0,,1212000000.0,0.2755,0.1839,IVZ
2017-12-31 00:00:00,5160300000.0,1486500000.0,3673799700.0,2292900000.0,1279099800.0,150100000.0,94800000.0,1429200000.0,268200000.0,1161000000.0,1127300000.0,2.75,0.7119,0.2479,0.277,0.2185,0.2027,1395899900.0,1279099800.0,2.8324,,2.8359,,2.8359,1161000000.0,,1161000000.0,0.2705,0.2244,IVZ
2017-09-30 00:00:00,4979400000.0,1445099900.0,3534299900.0,2258600200.0,1206699900.0,134100000.0,94700000.0,1340799900.0,384300000.0,956500000.0,925400000.0,2.3,0.7098,0.2423,0.2693,0.1858,0.1438,1314600000.0,1206699900.0,2.3851,,2.3876,,2.3876,956500000.0,,956500000.0,0.264,0.1697,IVZ
2017-06-30 00:00:00,4843300000.0,1426799900.0,3416500000.0,2194800200.0,1152700000.0,136100000.0,95000000.0,1288799900.0,351000000.0,937800000.0,891800000.0,2.23,0.7054,0.238,0.2661,0.1841,0.1407,1256500100.0,1152700000.0,2.3552,,2.3572,,2.3572,937800000.0,,937800000.0,0.2594,0.17,IVZ
2017-03-31 00:00:00,4778300000.0,1409299900.0,3369000000.0,2164100200.0,1135900000.0,130900000.0,93500000.0,1266799900.0,342100000.0,924700000.0,878200000.0,2.19,0.7051,0.2377,0.2651,0.1838,0.1389,1238700000.0,1135900000.0,2.3096,,2.3112,,2.3112,924700000.0,,924700000.0,0.2592,0.1701,IVZ
2016-12-31 00:00:00,4734400000.0,1407199900.0,3327199900.0,2105800200.0,1152400000.0,54200000.0,93400000.0,1206599900.0,338300000.0,868300000.0,829400000.0,2.05,0.7028,0.2434,0.2549,0.1752,0.1069,1253600000.0,1152400000.0,2.1553,,2.1566,,2.1566,868300000.0,,868300000.0,0.2648,0.1381,IVZ
2016-09-30 00:00:00,4779400000.0,1432900100.0,3346499700.0,2160700000.0,1185799900.0,-8500000.0,92900000.0,1177300000.0,332300000.0,844999900.0,806400000.0,1.98,0.7002,0.2481,0.2463,0.1687,0.2128,1286299900.0,1185799900.0,2.0814,,2.083,,2.083,844999900.0,,845000000.0,0.2691,0.2416,IVZ
2016-06-30 00:00:00,4851300000.0,1463100100.0,3388199700.0,2156000000.0,1232199900.0,-58900000.0,89400000.0,1173300000.0,342900000.0,830399900.0,815500000.0,1.98,0.6984,0.254,0.2419,0.1681,0.1534,1329699900.0,1232199900.0,2.0193,,2.0209,,2.0209,830399900.0,,830400000.0,0.2741,0.1821,IVZ
2016-03-31 00:00:00,4980000000.0,1528000100.0,3451999700.0,2157300000.0,1294699900.0,-88200000.0,86900000.0,1206500000.0,368600000.0,837899900.0,847400000.0,2.04,0.6932,0.26,0.2423,0.1702,0.2058,1390299900.0,1294699900.0,2.0169,,2.0187,,2.0187,837899900.0,,837900000.0,0.2792,0.2314,IVZ
2015-12-31 00:00:00,5122900000.0,1579900100.0,3542999800.0,2184600000.0,1358399900.0,3700000.0,81700000.0,1362100000.0,398000000.0,964099900.0,943500000.0,2.26,0.6916,0.2652,0.2659,0.1842,0.196,1451999900.0,1358399900.0,2.3043,,2.3064,,2.3064,964099900.0,,964100000.0,0.2834,0.2203,IVZ
2015-09-30 00:00:00,5159900000.0,1599200000.0,3560700200.0,2157700000.0,1403000400.0,4000000.0,-21300000.0,1407000000.0,410800000.0,996200000.0,1002700000.0,2.4,0.6901,0.2719,0.2727,0.1943,0.1171,1493600400.0,1403000100.0,2.4605,,2.3841,,2.4617,996200000.0,,995200000.0,0.2895,0.1431,IVZ
2015-06-30 00:00:00,5197400000.0,1627100000.0,3570300200.0,2190400000.0,1379900400.0,32500000.0,13900000.0,1412400000.0,405300000.0,1007100000.0,1008800000.0,2.41,0.6869,0.2655,0.2718,0.1941,0.1876,1469500400.0,1379900100.0,2.4736,,2.4022,,2.4744,1007100000.0,,1005500000.0,0.2827,0.2133,IVZ
2015-03-31 00:00:00,5169200000.0,1624400000.0,3544800200.0,2174100000.0,1370700400.0,111900000.0,42800000.0,1482600000.0,402900000.0,1079700000.0,1025000000.0,2.44,0.6858,0.2652,0.2868,0.1983,0.2377,1459400400.0,1370700100.0,2.5243,,2.5702,,2.5247,1079700000.0,,1078300000.0,0.2823,0.2637,IVZ
2014-12-31 00:00:00,5147100000.0,1630700000.0,3516400200.0,2239500000.0,1276900400.0,118200000.0,73100000.0,1395100000.0,390600000.0,1004500000.0,959900000.0,2.27,0.6832,0.2481,0.271,0.1865,0.2073,1366300400.0,1276900100.0,2.28,-0.01,2.3689,-0.01,2.28,1004500000.0,-3400000.0,1001100000.0,0.2655,0.2332,IVZ
2014-09-30 00:00:00,5095500000.0,1632399900.0,3463100100.0,2241100000.0,1222000200.0,185100000.0,194800000.0,1407100000.0,365100000.0,1042000000.0,959100000.0,2.3,0.6796,0.2398,0.2761,0.1882,0.2158,1311800200.0,1222000000.0,2.14,0.1376,2.6359,0.1376,2.15,1042000000.0,64000000.0,1106000000.0,0.2574,0.237,IVZ
2014-06-30 00:00:00,4956300000.0,1593099900.0,3363200100.0,2184800000.0,1178400300.0,224600000.0,182400000.0,1403000000.0,363100000.0,1039900000.0,938100000.0,2.22,0.6786,0.2378,0.2831,0.1893,0.1972,1268400200.0,1178400100.0,2.06,0.1359,2.5958,0.1359,2.07,1039900000.0,63200000.0,1103100000.0,0.2559,0.2169,IVZ
2014-03-31 00:00:00,4801900000.0,1548499900.0,3253400100.0,2154100000.0,1097500300.0,173700000.0,174500000.0,1271200000.0,339600000.0,931600000.0,873800000.0,2.04,0.6775,0.2286,0.2647,0.182,0.1987,1187000200.0,1097500100.0,1.89,0.1254,2.3017,0.1254,1.9,931600000.0,58400000.0,990000000.0,0.2472,0.2177,IVZ
2013-12-31 00:00:00,4644600000.0,1489199900.0,3155400100.0,2032000000.0,1120200200.0,135000000.0,167900000.0,1255200000.0,336900000.0,918300000.0,908200000.0,2.11,0.6794,0.2412,0.2702,0.1955,0.149,1208600100.0,1120200000.0,1.95,0.14,2.274,0.14,1.96,918300000.0,64500000.0,982800000.0,0.2602,0.168,IVZ
2013-09-30 00:00:00,4440500000.0,1442299900.0,2998200100.0,1963399800.0,1029000200.0,57000000.0,172800000.0,1086000000.0,317000000.0,769000000.0,811600000.0,1.81,0.6752,0.2317,0.2446,0.1828,0.2238,1117500100.0,1029000200.0,2.0459,0.0225,1.7392,0.0225,2.0554,769000000.0,11000000.0,780000000.0,0.2517,0.2458,IVZ
2013-06-30 00:00:00,4282600000.0,1387599900.0,2895000100.0,1932299800.0,953900100.0,15100000.0,184100000.0,969000000.0,296400000.0,672600000.0,754100000.0,1.68,0.676,0.2227,0.2263,0.1761,0.1694,1042200100.0,953900100.0,1.9059,0.0356,1.5316,0.0356,1.9154,672600000.0,15600000.0,688200000.0,0.2434,0.1933,IVZ
2013-03-31 00:00:00,4128900000.0,1337199900.0,2791700100.0,1903799800.0,879800100.0,84200000.0,203800000.0,964000000.0,274100000.0,689900000.0,705400000.0,1.57,0.6761,0.2131,0.2335,0.1708,0.0954,972800100.0,879800100.0,1.7759,0.05,1.5795,0.05,1.7854,689900000.0,22200000.0,712100000.0,0.2356,0.1194,IVZ
2012-12-31 00:00:00,4050400000.0,1308199900.0,2742200100.0,1891399800.0,842600100.0,-12000000.0,220600000.0,830600000.0,261400000.0,569200000.0,677100000.0,1.5,0.677,0.208,0.2051,0.1672,0.1779,937600100.0,842600100.0,1.45,,1.2984,,1.46,569200000.0,,587300000.0,0.2315,0.2023,IVZ
