Date,Revenue,Cost of Revenue,Gross Profit,SG&A Expenses,Operating Income,Interest Expense (Operating),Non-operating Income/Expense,Non-operating Interest Expenses,EBT,Income Tax Provision,Income after Tax,Share of Subsidiary Earnings,Net Income Common,EPS (Basic),Gross Margin,EBIT Margin,EBT margin,Net Profit Margin,Free Cash Flow Margin,EBITDA,EBIT,"EPS (Diluted, from Cont. Ops)","EPS (Diluted, from Disc. Ops)","EPS (Basic, Consolidated)","EPS (Basic, from Discontinued Ops)","EPS (Basic, from Continuous Ops)",Income from Continuous Operations,Income from Discontinued Operations,Consolidated Net Income/Loss,EBITDA Margin,Operating Cash Flow Margin,Ticker
2022-09-30 00:00:00,25299000000.0,16956000000.0,8343000000.0,5945000000.0,1677000000.0,313000000.0,33000000.0,,1710000000.0,-13000000.0,1723000000.0,,1532000000.0,2.21,0.3298,0.0663,0.0676,0.0606,0.0553,2674000000.0,1677000000.0,2.21,,,,,1723000000.0,,1723000000.0,0.1057,0.0787,JCI
2022-06-30 00:00:00,24966000000.0,16727000000.0,8239000000.0,5756000000.0,1862000000.0,357000000.0,48000000.0,7000000.0,1910000000.0,680000000.0,1230000000.0,,1040000000.0,1.49,0.33,0.0746,0.0765,0.0417,0.0303,2713000000.0,1862000000.0,1.48,,1.7542,,1.49,1230000000.0,,1230000000.0,0.1087,0.0532,JCI
2022-03-31 00:00:00,24693000000.0,16457000000.0,8236000000.0,5534000000.0,2123000000.0,358000000.0,52000000.0,6000000.0,2175000000.0,727000000.0,1448000000.0,,1235000000.0,1.74,0.3335,0.086,0.0881,0.05,0.0483,2981000000.0,2123000000.0,1.73,,2.0393,,1.74,1448000000.0,,1448000000.0,0.1207,0.069,JCI
2021-12-31 00:00:00,24189000000.0,15967000000.0,8222000000.0,5333000000.0,2598000000.0,453000000.0,73000000.0,8000000.0,2671000000.0,878000000.0,1793000000.0,,1567000000.0,2.2,0.3399,0.1074,0.1104,0.0648,0.0793,3460000000.0,2598000000.0,2.19,,2.5185,,2.2,1793000000.0,,1793000000.0,0.143,0.0999,JCI
2021-09-30 00:00:00,23668000000.0,15609000000.0,8059000000.0,5258000000.0,2559000000.0,332000000.0,55000000.0,9000000.0,2614000000.0,868000000.0,1746000000.0,,1637000000.0,2.28,0.3405,0.1081,0.1104,0.0692,0.0894,3404000000.0,2559000000.0,2.1,,2.6095,,2.11,1746000000.0,,1870000000.0,0.1438,0.1074,JCI
2021-06-30 00:00:00,23230000000.0,15387000000.0,7843000000.0,5367000000.0,2301000000.0,313000000.0,28000000.0,9000000.0,2329000000.0,409000000.0,1920000000.0,,1809000000.0,2.5,0.3376,0.0991,0.1003,0.0779,0.1157,3134000000.0,2301000000.0,2.32,,2.8264,,2.32,1920000000.0,,2044000000.0,0.1349,0.1292,JCI
2021-03-31 00:00:00,22232000000.0,14754000000.0,7478000000.0,5334000000.0,1438000000.0,353000000.0,-1000000.0,11000000.0,1437000000.0,300000000.0,1137000000.0,,1053000000.0,1.46,0.3364,0.0647,0.0646,0.0474,0.1234,2265000000.0,1438000000.0,1.28,,1.7373,,1.28,1137000000.0,,1261000000.0,0.1019,0.1337,JCI
2020-12-31 00:00:00,22082000000.0,14746000000.0,7336000000.0,5532000000.0,1132000000.0,253000000.0,-52000000.0,13000000.0,1080000000.0,104000000.0,976000000.0,,923000000.0,1.26,0.3322,0.0513,0.0489,0.0418,0.1012,1954000000.0,1132000000.0,1.08,5.13,1.4964,5.16,1.08,976000000.0,4722000000.0,1100000000.0,0.0885,0.1124,JCI
2020-09-30 00:00:00,22317000000.0,14906000000.0,7411000000.0,5665000000.0,963000000.0,353000000.0,-60000000.0,23000000.0,903000000.0,108000000.0,795000000.0,,631000000.0,0.85,0.3321,0.0432,0.0405,0.0283,0.0969,1785000000.0,963000000.0,0.84,,1.0586,,0.84,795000000.0,,795000000.0,0.08,0.1111,JCI
2020-06-30 00:00:00,22637000000.0,15221000000.0,7416000000.0,6172000000.0,461000000.0,,-52000000.0,47000000.0,409000000.0,-550000000.0,959000000.0,,802000000.0,1.02,0.3276,0.0204,0.0181,0.0354,0.0932,1277000000.0,461000000.0,0.97,,1.2008,,0.96,959000000.0,,959000000.0,0.0564,0.1118,JCI
2020-03-31 00:00:00,23745000000.0,16017000000.0,7728000000.0,6226000000.0,1094000000.0,,-98000000.0,69000000.0,996000000.0,-310000000.0,1306000000.0,,5176000000.0,6.05,0.3255,0.0461,0.0419,0.218,0.0754,1911000000.0,1094000000.0,1.37,,6.2747,,1.36,1306000000.0,,5357000000.0,0.0805,0.0971,JCI
2019-12-31 00:00:00,24080000000.0,16309000000.0,7771000000.0,6233000000.0,1192000000.0,,-124000000.0,88000000.0,1068000000.0,-276000000.0,1344000000.0,,5478000000.0,6.34,0.3227,0.0495,0.0444,0.2275,0.0748,2013000000.0,1192000000.0,1.35,,6.5803,,1.35,1344000000.0,,5679000000.0,0.0836,0.0969,JCI
2019-09-30 00:00:00,23968000000.0,16275000000.0,7693000000.0,6244000000.0,1214000000.0,,-158000000.0,,1056000000.0,-233000000.0,1289000000.0,,5674000000.0,6.51,0.321,0.0507,0.0441,0.2367,0.0494,2039000000.0,1214000000.0,1.26,5.23,6.7651,5.26,1.26,1289000000.0,,5887000000.0,0.0851,0.0727,JCI
2019-06-30 00:00:00,23877000000.0,16107000000.0,7770000000.0,5676000000.0,1758000000.0,,-214000000.0,,1544000000.0,277000000.0,1267000000.0,,5833000000.0,6.57,0.3254,0.0736,0.0647,0.2443,0.0423,2558000000.0,1758000000.0,1.17,5.39,6.8526,5.42,1.19,1267000000.0,4791000000.0,6058000000.0,0.1071,0.0642,JCI
2019-03-31 00:00:00,23708000000.0,15994000000.0,7714000000.0,5729000000.0,1884000000.0,,-197000000.0,,1687000000.0,99000000.0,1588000000.0,,2364000000.0,2.56,0.3254,0.0795,0.0712,0.0997,0.0372,2708000000.0,1884000000.0,1.52,1.03,2.8113,1.04,1.54,1588000000.0,998000000.0,2586000000.0,0.1142,0.0626,JCI
2018-12-31 00:00:00,23559000000.0,15865000000.0,7694000000.0,5761000000.0,1832000000.0,,-212000000.0,,1620000000.0,88000000.0,1532000000.0,,2287000000.0,2.46,0.3266,0.0778,0.0688,0.0971,0.0397,2657000000.0,1832000000.0,1.46,1.0,2.7145,1.01,1.47,1532000000.0,979000000.0,2511000000.0,0.1128,0.0668,JCI
2018-09-30 00:00:00,23400000000.0,15733000000.0,7667000000.0,5642000000.0,1770000000.0,,-224000000.0,,1546000000.0,197000000.0,1349000000.0,,2162000000.0,2.33,0.3276,0.0756,0.0661,0.0924,0.0394,2594000000.0,1770000000.0,1.26,1.06,2.5742,1.07,1.27,1349000000.0,1034000000.0,2383000000.0,0.1109,0.065,JCI
2018-06-30 00:00:00,18016000000.0,11702000000.0,6314000000.0,5068000000.0,971000000.0,,-285000000.0,,686000000.0,66000000.0,620000000.0,,2266000000.0,2.43,0.3505,0.0539,0.0381,0.1258,0.1196,1620000000.0,971000000.0,0.52,1.91,2.6742,1.92,0.52,620000000.0,1865000000.0,2485000000.0,0.0899,0.1316,JCI
2018-03-31 00:00:00,19417000000.0,12760000000.0,6657000000.0,5236000000.0,1097000000.0,,-300000000.0,,797000000.0,94000000.0,703000000.0,,2098000000.0,2.24,0.3428,0.0565,0.041,0.108,0.0847,1800000000.0,1097000000.0,0.6,1.59,2.478,1.6,0.6,703000000.0,1573000000.0,2310000000.0,0.0927,0.1045,JCI
2017-12-31 00:00:00,21054000000.0,13940000000.0,7114000000.0,5472000000.0,1219000000.0,,-283000000.0,,936000000.0,566000000.0,370000000.0,,1512000000.0,1.93,0.3379,0.0579,0.0445,0.0718,0.0785,2002000000.0,1219000000.0,0.24,-0.23,1.8341,-0.24,0.24,370000000.0,273000000.0,1712000000.0,0.0951,0.1008,JCI
2017-09-30 00:00:00,22835000000.0,15305000000.0,7530000000.0,5723000000.0,1460000000.0,,-309000000.0,,1151000000.0,322000000.0,829000000.0,,1611000000.0,2.03,0.3298,0.0639,0.0504,0.0705,-0.0158,2379000000.0,1460000000.0,0.71,-0.5,1.9448,-0.51,0.72,829000000.0,12000000.0,1819000000.0,0.1042,0.0162,JCI
2017-06-30 00:00:00,28290000000.0,19776000000.0,8514000000.0,6454000000.0,1633000000.0,,-239000000.0,,1394000000.0,565000000.0,829000000.0,,-435000000.0,-0.51,0.301,0.0577,0.0493,-0.0154,-0.0526,2825000000.0,1633000000.0,0.62,,-0.7683,,0.62,829000000.0,,-240000000.0,0.0999,-0.0032,JCI
2017-03-31 00:00:00,25761000000.0,18256000000.0,7505000000.0,5740000000.0,1360000000.0,,-204000000.0,,1156000000.0,554000000.0,602000000.0,,-607000000.0,-0.5136,0.2913,0.0528,0.0449,-0.0236,-0.0591,2506000000.0,1360000000.0,0.56,,-0.729,,0.57,602000000.0,,-410000000.0,0.0973,-0.009,JCI
2016-12-31 00:00:00,23227000000.0,16716000000.0,6511000000.0,4913000000.0,1232000000.0,,-172000000.0,,1060000000.0,87000000.0,973000000.0,,-989000000.0,-0.3176,0.2803,0.053,0.0456,-0.0426,-0.055,2305000000.0,1232000000.0,1.05,-2.69,-1.3301,-2.71,1.07,973000000.0,-1737000000.0,-764000000.0,0.0992,0.0015,JCI
2016-09-30 00:00:00,20837000000.0,15183000000.0,5654000000.0,4190000000.0,1176000000.0,,-115000000.0,,1061000000.0,197000000.0,864000000.0,,-868000000.0,-0.4791,0.2713,0.0564,0.0509,-0.0417,0.0332,2129000000.0,1176000000.0,1.09,-2.38,-0.9769,-2.4,1.1,864000000.0,-1516000000.0,-652000000.0,0.1022,0.0916,JCI
2016-06-30 00:00:00,24286000000.0,18495000000.0,5791000000.0,3907000000.0,1690000000.0,,-214000000.0,,1476000000.0,187000000.0,1289000000.0,,1381000000.0,1.2984,0.2385,0.0696,0.0608,0.0569,0.0032,2973000000.0,1690000000.0,1.2111,0.4201,2.1065,0.4406,1.2097,1289000000.0,388000000.0,1677000000.0,0.1224,0.0735,JCI
2016-03-31 00:00:00,21621000000.0,16336000000.0,5285000000.0,3637000000.0,1443000000.0,,-210000000.0,,1233000000.0,158000000.0,1075000000.0,,1154000000.0,1.0994,0.2444,0.0667,0.057,0.0534,0.0203,2577000000.0,1443000000.0,1.1418,0.2868,1.7828,0.2968,1.1409,1075000000.0,299000000.0,1374000000.0,0.1192,0.0905,JCI
2015-12-31 00:00:00,19318000000.0,14439000000.0,4879000000.0,3386000000.0,1336000000.0,,-201000000.0,,1135000000.0,135000000.0,1000000000.0,,1851000000.0,1.1623,0.2526,0.0692,0.0588,0.0958,0.0096,2332000000.0,1336000000.0,1.2621,1.3949,2.9177,1.4049,1.2616,1000000000.0,1008000000.0,2008000000.0,0.1207,0.0772,JCI
2015-09-30 00:00:00,17100000000.0,12569000000.0,4531000000.0,3191000000.0,1125000000.0,,-194000000.0,,931000000.0,71000000.0,860000000.0,,1563000000.0,1.3822,0.265,0.0658,0.0544,0.0914,0.0294,1985000000.0,1125000000.0,1.23,1.13,2.5626,1.1399,1.24,860000000.0,819000000.0,1679000000.0,0.1161,0.0936,JCI
2015-06-30 00:00:00,38513000000.0,32307000000.0,6206000000.0,4264000000.0,1538000000.0,,161000000.0,99000000.0,1699000000.0,329000000.0,1370000000.0,,-227000000.0,1.0053,0.1611,0.0399,0.0441,-0.0059,0.0308,2482000000.0,1538000000.0,1.4413,-2.7666,-1.1891,-2.8295,1.4712,1164000000.0,-1270000000.0,-106000000.0,0.0644,0.0593,JCI
2015-03-31 00:00:00,38684000000.0,32409000000.0,6275000000.0,4310000000.0,1582000000.0,,157000000.0,98000000.0,1739000000.0,335000000.0,1404000000.0,,1067000000.0,3.9373,0.1622,0.0409,0.045,0.0276,0.0285,2528000000.0,1582000000.0,1.9544,-0.4106,1.7426,-0.4211,1.9948,1413000000.0,-223000000.0,1190000000.0,0.0654,0.0573,JCI
2014-12-31 00:00:00,38734000000.0,32438000000.0,6296000000.0,4297000000.0,1620000000.0,,156000000.0,97000000.0,1776000000.0,356000000.0,1420000000.0,,1107000000.0,3.9896,0.1625,0.0418,0.0459,0.0286,0.0321,2571000000.0,1620000000.0,1.9334,-0.3373,1.8014,-0.3373,1.9634,1424000000.0,-192000000.0,1232000000.0,0.0664,0.0611,JCI
2014-09-30 00:00:00,38749000000.0,32444000000.0,6305000000.0,4216000000.0,1765000000.0,,151000000.0,,1916000000.0,407000000.0,1509000000.0,,1215000000.0,4.1885,0.1627,0.0455,0.0494,0.0314,0.0329,2720000000.0,1765000000.0,2.08,-0.28,2.0138,-0.2799,2.11,1509000000.0,-166000000.0,1343000000.0,0.0702,0.0618,JCI
2014-06-30 00:00:00,10080000000.0,6352000000.0,3728000000.0,2555000000.0,1120000000.0,,-86000000.0,98000000.0,1034000000.0,212000000.0,822000000.0,176000000.0,2093000000.0,4.7749,0.3698,0.1111,0.1026,0.2076,0.0721,1483000000.0,1120000000.0,2.2094,2.4817,4.7706,2.5027,2.2618,998000000.0,1096000000.0,2094000000.0,0.1471,0.0985,JCI
2014-03-31 00:00:00,9957000000.0,6283000000.0,3674000000.0,2596000000.0,985000000.0,,-87000000.0,100000000.0,898000000.0,180000000.0,718000000.0,-45000000.0,778000000.0,1.7592,0.369,0.0989,0.0902,0.0781,0.0831,1355000000.0,985000000.0,1.4869,0.2409,1.7562,0.2305,1.5183,673000000.0,104000000.0,777000000.0,0.1361,0.1089,JCI
2013-12-31 00:00:00,9951000000.0,6296000000.0,3655000000.0,2727000000.0,821000000.0,,-106000000.0,100000000.0,715000000.0,139000000.0,576000000.0,-46000000.0,643000000.0,1.4555,0.3673,0.0825,0.0719,0.0646,0.0776,1189000000.0,821000000.0,1.1728,0.2619,1.4433,0.241,1.2042,530000000.0,110000000.0,640000000.0,0.1195,0.1013,JCI
2013-09-30 00:00:00,10058000000.0,6389000000.0,3669000000.0,2838000000.0,712000000.0,,-113000000.0,100000000.0,599000000.0,108000000.0,491000000.0,-48000000.0,536000000.0,1.2147,0.3648,0.0708,0.0596,0.0533,0.0583,1091000000.0,712000000.0,0.9843,0.2095,1.2003,0.1991,1.0052,443000000.0,90000000.0,533000000.0,0.1085,0.0845,JCI
2013-06-30 00:00:00,10339000000.0,6593000000.0,3746000000.0,2909000000.0,645000000.0,,-573000000.0,108000000.0,72000000.0,354000000.0,-282000000.0,-25000000.0,-49000000.0,-0.1152,0.3623,0.0624,0.007,-0.0047,0.0999,995000000.0,645000000.0,-0.7016,0.5655,-0.1163,0.5865,-0.7016,-307000000.0,258000000.0,-49000000.0,0.0962,0.1193,JCI
2013-03-31 00:00:00,10457000000.0,6672000000.0,3785000000.0,3026000000.0,601000000.0,,-605000000.0,141000000.0,-4000000.0,325000000.0,-329000000.0,-26000000.0,62000000.0,0.1256,0.362,0.0575,-0.0004,0.0059,0.1432,963000000.0,601000000.0,-0.8063,0.9215,0.1325,0.9425,-0.8063,-355000000.0,416000000.0,61000000.0,0.0921,0.1665,JCI
2012-12-31 00:00:00,10525000000.0,6715000000.0,3810000000.0,2920000000.0,734000000.0,,-622000000.0,175000000.0,112000000.0,360000000.0,-248000000.0,-22000000.0,313000000.0,0.7016,0.362,0.0697,0.0106,0.0297,0.2065,1117000000.0,734000000.0,-0.6178,1.2879,0.7057,1.3194,-0.6178,-270000000.0,584000000.0,314000000.0,0.1061,0.2424,JCI
