Date,Revenue,Cost of Revenue,Gross Profit,SG&A Expenses,Operating Income,Interest Expense (Operating),Non-operating Income/Expense,Non-operating Interest Expenses,Income (Other),EBT,Income Tax Provision,Income after Tax,Share of Subsidiary Earnings,Net Income Common,EPS (Basic),Gross Margin,EBIT Margin,EBT margin,Net Profit Margin,Free Cash Flow Margin,EBITDA,EBIT,"EPS (Diluted, from Cont. Ops)","EPS (Basic, Consolidated)","EPS (Basic, from Continuous Ops)",Income from Continuous Operations,Consolidated Net Income/Loss,EBITDA Margin,Operating Cash Flow Margin,Ticker
2022-09-30 00:00:00,14902000000.0,10442000000.0,4460000000.0,2831000000.0,1629000000.0,229000000.0,270000000.0,200000000.0,,1899000000.0,412000000.0,1487000000.0,9000000.0,1491000000.0,4.38,0.2993,0.1093,0.1274,0.1001,0.0833,2101000000.0,1629000000.0,4.3558,4.3869,4.3869,1496000000.0,1496000000.0,0.141,0.1165,K
2022-06-30 00:00:00,14578000000.0,10106000000.0,4472000000.0,2764000000.0,1708000000.0,253000000.0,200000000.0,216000000.0,,1908000000.0,430000000.0,1478000000.0,11000000.0,1488000000.0,4.37,0.3068,0.1172,0.1309,0.1021,0.0892,2181000000.0,1708000000.0,4.338,4.3663,4.3663,1489000000.0,1489000000.0,0.1496,0.1248,K
2022-03-31 00:00:00,14269000000.0,9716000000.0,4553000000.0,2756000000.0,1797000000.0,239000000.0,222000000.0,220000000.0,,2019000000.0,477000000.0,1542000000.0,6000000.0,1542000000.0,4.53,0.3191,0.1259,0.1415,0.1081,0.0894,2271000000.0,1797000000.0,4.5072,4.5336,4.5336,1548000000.0,1548000000.0,0.1592,0.1257,K
2021-12-31 00:00:00,14181000000.0,9621000000.0,4560000000.0,2808000000.0,1752000000.0,239000000.0,214000000.0,223000000.0,,1966000000.0,474000000.0,1492000000.0,3000000.0,1488000000.0,4.36,0.3216,0.1235,0.1386,0.1049,0.081,2219000000.0,1752000000.0,4.3459,4.3713,4.3713,1495000000.0,1495000000.0,0.1565,0.1199,K
2021-09-30 00:00:00,14225000000.0,9485000000.0,4740000000.0,2932000000.0,1808000000.0,259000000.0,-132000000.0,257000000.0,,1676000000.0,400000000.0,1276000000.0,-7000000.0,1260000000.0,3.69,0.3332,0.1271,0.1178,0.0886,0.0669,2278000000.0,1808000000.0,3.693,3.7116,3.7116,1269000000.0,1269000000.0,0.1601,0.1081,K
2021-06-30 00:00:00,14032000000.0,9256000000.0,4776000000.0,3004000000.0,1772000000.0,265000000.0,-70000000.0,265000000.0,,1702000000.0,373000000.0,1329000000.0,-13000000.0,1301000000.0,3.81,0.3404,0.1263,0.1213,0.0927,0.0794,2249000000.0,1772000000.0,3.8211,3.8434,3.8434,1316000000.0,1316000000.0,0.1603,0.1213,K
2021-03-31 00:00:00,13942000000.0,9193000000.0,4749000000.0,2975000000.0,1774000000.0,291000000.0,-137000000.0,276000000.0,,1637000000.0,338000000.0,1299000000.0,-14000000.0,1272000000.0,3.71,0.3406,0.1272,0.1174,0.0912,0.0907,2248000000.0,1774000000.0,3.7248,3.7465,3.7465,1285000000.0,1285000000.0,0.1612,0.1313,K
2020-12-31 00:00:00,13770000000.0,9043000000.0,4727000000.0,2966000000.0,1761000000.0,303000000.0,-160000000.0,281000000.0,,1601000000.0,323000000.0,1278000000.0,-14000000.0,1251000000.0,3.65,0.3433,0.1279,0.1163,0.0908,0.1076,2240000000.0,1761000000.0,3.6637,3.6851,3.6851,1264000000.0,1264000000.0,0.1627,0.1442,K
2020-09-30 00:00:00,13529000000.0,8899000000.0,4630000000.0,2894000000.0,1736000000.0,278000000.0,-167000000.0,259000000.0,,1569000000.0,352000000.0,1217000000.0,-9000000.0,1191000000.0,3.48,0.3422,0.1283,0.116,0.088,0.1011,2215000000.0,1736000000.0,3.4968,3.5274,3.5274,1208000000.0,1208000000.0,0.1637,0.1363,K
2020-06-30 00:00:00,13472000000.0,9043000000.0,4429000000.0,2841000000.0,1588000000.0,,-96000000.0,268000000.0,,1492000000.0,378000000.0,1114000000.0,-10000000.0,1090000000.0,3.19,0.3288,0.1179,0.1107,0.0809,0.0829,2063000000.0,1588000000.0,3.2046,3.2285,3.2285,1104000000.0,1104000000.0,0.1531,0.1208,K
2020-03-31 00:00:00,13468000000.0,9050000000.0,4418000000.0,2939000000.0,1479000000.0,,-87000000.0,274000000.0,,1392000000.0,343000000.0,1049000000.0,-7000000.0,1025000000.0,3.01,0.328,0.1098,0.1034,0.0761,0.0703,1956000000.0,1479000000.0,3.0348,3.0552,3.0552,1042000000.0,1042000000.0,0.1452,0.1112,K
2019-12-31 00:00:00,13578000000.0,9197000000.0,4381000000.0,2980000000.0,1401000000.0,,-96000000.0,284000000.0,,1305000000.0,321000000.0,984000000.0,-7000000.0,960000000.0,2.82,0.3227,0.1032,0.0961,0.0707,0.0435,1885000000.0,1401000000.0,2.8483,2.8651,2.8651,977000000.0,977000000.0,0.1388,0.0866,K
2019-09-30 00:00:00,13672000000.0,9290000000.0,4382000000.0,3015000000.0,1367000000.0,,-407000000.0,295000000.0,,960000000.0,212000000.0,748000000.0,-7000000.0,731000000.0,2.15,0.3205,0.1,0.0702,0.0535,0.0666,1869000000.0,1367000000.0,2.1798,2.1794,2.1794,743000000.0,743000000.0,0.1367,0.1123,K
2019-06-30 00:00:00,13769000000.0,9211000000.0,4558000000.0,3058000000.0,1500000000.0,,-427000000.0,295000000.0,,1073000000.0,190000000.0,883000000.0,193000000.0,864000000.0,2.52,0.331,0.1089,0.0779,0.0627,0.0731,2025000000.0,1500000000.0,2.5521,2.5558,2.5558,878000000.0,878000000.0,0.1471,0.1169,K
2019-03-31 00:00:00,13668000000.0,9087000000.0,4581000000.0,3004000000.0,1577000000.0,,-400000000.0,292000000.0,,1177000000.0,186000000.0,991000000.0,196000000.0,1174000000.0,3.4,0.3352,0.1154,0.0861,0.0859,0.0574,2095000000.0,1577000000.0,3.4171,3.4232,3.4232,1185000000.0,1185000000.0,0.1533,0.1008,K
2018-12-31 00:00:00,13547000000.0,8821000000.0,4726000000.0,3020000000.0,1706000000.0,,-377000000.0,287000000.0,,1329000000.0,181000000.0,1148000000.0,,1336000000.0,3.86,0.3489,0.1259,0.0981,0.0986,0.0707,2222000000.0,1706000000.0,3.8621,3.8731,3.8731,1344000000.0,1344000000.0,0.164,0.1134,K
2018-09-30 00:00:00,13415000000.0,8636000000.0,4779000000.0,3010000000.0,1769000000.0,,246000000.0,281000000.0,,2015000000.0,370000000.0,1645000000.0,201000000.0,1837000000.0,5.34,0.3562,0.1319,0.1502,0.1369,0.0464,2258000000.0,1769000000.0,5.2945,5.313,5.313,1843000000.0,1843000000.0,0.1683,0.0849,K
2018-06-30 00:00:00,13192000000.0,8417000000.0,4775000000.0,3069000000.0,1706000000.0,,241000000.0,273000000.0,,1947000000.0,402000000.0,1545000000.0,205000000.0,1745000000.0,5.1,0.362,0.1293,0.1476,0.1323,0.0193,2181000000.0,1706000000.0,5.0247,5.0441,5.0441,1748000000.0,1748000000.0,0.1653,0.0575,K
2018-03-31 00:00:00,13007000000.0,8216000000.0,4791000000.0,3174000000.0,1617000000.0,,271000000.0,264000000.0,,1861000000.0,434000000.0,1427000000.0,,1432000000.0,4.19,0.3683,0.1243,0.1431,0.1101,0.0125,2099000000.0,1617000000.0,4.1074,4.1288,4.1288,1432000000.0,1432000000.0,0.1614,0.0511,K
2017-12-31 00:00:00,12854000000.0,8155000000.0,4699000000.0,3312000000.0,1387000000.0,,57000000.0,256000000.0,,1657000000.0,410000000.0,1247000000.0,6000000.0,1254000000.0,3.66,0.3656,0.1079,0.1289,0.0976,-0.0076,1868000000.0,1387000000.0,3.5829,3.6034,3.6034,1254000000.0,1254000000.0,0.1453,0.0314,K
2017-09-30 00:00:00,12717000000.0,8105000000.0,4612000000.0,3428000000.0,1184000000.0,,-188000000.0,251000000.0,,1051000000.0,266000000.0,785000000.0,5000000.0,789000000.0,2.27,0.3627,0.0931,0.0826,0.062,-0.0051,1710000000.0,1184000000.0,2.2516,2.2706,2.2706,790000000.0,790000000.0,0.1345,0.0346,K
2017-06-30 00:00:00,12725000000.0,8021000000.0,4704000000.0,3443000000.0,1261000000.0,,,245000000.0,,1020000000.0,227000000.0,793000000.0,,793000000.0,2.24,0.3697,0.0991,0.0802,0.0623,0.0149,1767000000.0,1261000000.0,2.2489,2.2701,2.2701,794000000.0,794000000.0,0.1389,0.0562,K
2017-03-31 00:00:00,12818000000.0,8069000000.0,4749000000.0,3424000000.0,1325000000.0,,-305000000.0,250000000.0,,1020000000.0,231000000.0,789000000.0,3000000.0,790000000.0,2.23,0.3705,0.1034,0.0796,0.0616,0.0577,1848000000.0,1325000000.0,2.2359,2.2592,2.2592,791000000.0,791000000.0,0.1442,0.0961,K
2016-12-31 00:00:00,12965000000.0,8131000000.0,4834000000.0,3351000000.0,1483000000.0,,-549000000.0,406000000.0,,934000000.0,235000000.0,699000000.0,,699000000.0,1.98,0.3728,0.1144,0.072,0.0539,0.0589,2000000000.0,1483000000.0,1.9775,2.0,2.0,700000000.0,700000000.0,0.1543,0.098,K
2016-09-30 00:00:00,13059000000.0,8318000000.0,4741000000.0,3483000000.0,1258000000.0,,-408000000.0,402000000.0,,850000000.0,147000000.0,703000000.0,0.0,706000000.0,2.01,0.363,0.0963,0.0651,0.0541,0.0921,1762000000.0,1258000000.0,1.9966,2.0199,2.0199,707000000.0,707000000.0,0.1349,0.1335,K
2016-06-30 00:00:00,13134000000.0,8424000000.0,4710000000.0,3528000000.0,1182000000.0,,-415000000.0,400000000.0,,767000000.0,151000000.0,616000000.0,0.0,619000000.0,1.76,0.3586,0.09,0.0584,0.0471,0.0924,1698000000.0,1182000000.0,1.7475,1.7647,1.7647,620000000.0,620000000.0,0.1293,0.1339,K
2016-03-31 00:00:00,13364000000.0,8683000000.0,4681000000.0,3536000000.0,1145000000.0,,-455000000.0,390000000.0,,690000000.0,130000000.0,560000000.0,-6000000.0,562000000.0,1.59,0.3503,0.0857,0.0516,0.0421,0.0739,1663000000.0,1145000000.0,1.5819,1.5936,1.5936,562000000.0,562000000.0,0.1244,0.1149,K
2015-12-31 00:00:00,13525000000.0,8844000000.0,4681000000.0,3590000000.0,1091000000.0,,-318000000.0,227000000.0,,773000000.0,159000000.0,614000000.0,,614000000.0,1.73,0.3461,0.0807,0.0572,0.0454,0.0841,1625000000.0,1091000000.0,1.7248,1.7344,1.7344,614000000.0,614000000.0,0.1201,0.125,K
2015-09-30 00:00:00,13897000000.0,9322000000.0,4575000000.0,3867000000.0,708000000.0,,-303000000.0,221000000.0,,405000000.0,40000000.0,365000000.0,-8000000.0,362000000.0,1.03,0.3292,0.0509,0.0291,0.026,0.0697,1223000000.0,708000000.0,1.034,1.0376,1.0376,361000000.0,361000000.0,0.088,0.1141,K
2015-06-30 00:00:00,14207000000.0,9573000000.0,4634000000.0,3895000000.0,739000000.0,,-294000000.0,219000000.0,,445000000.0,60000000.0,385000000.0,,381000000.0,1.08,0.3262,0.052,0.0313,0.0268,0.0778,1276000000.0,739000000.0,1.0832,1.087,1.087,381000000.0,381000000.0,0.0898,0.1211,K
2015-03-31 00:00:00,14394000000.0,9590000000.0,4804000000.0,4010000000.0,794000000.0,,-237000000.0,211000000.0,-7000000.0,557000000.0,97000000.0,460000000.0,,453000000.0,1.27,0.3338,0.0552,0.0387,0.0315,0.0731,1312000000.0,794000000.0,1.2727,1.2798,1.2798,454000000.0,454000000.0,0.0911,0.1171,K
2014-12-31 00:00:00,14580000000.0,9517000000.0,5063000000.0,4039000000.0,1024000000.0,,-199000000.0,209000000.0,,825000000.0,186000000.0,639000000.0,,632000000.0,1.76,0.3473,0.0702,0.0566,0.0433,0.0831,1527000000.0,1024000000.0,1.7583,1.7682,1.7682,633000000.0,633000000.0,0.1047,0.123,K
2014-09-30 00:00:00,14567000000.0,8577000000.0,5990000000.0,3284000000.0,2706000000.0,,-188000000.0,214000000.0,,2518000000.0,767000000.0,1751000000.0,,1743000000.0,4.84,0.4112,0.1858,0.1729,0.1197,0.0663,3273000000.0,2706000000.0,4.8104,4.8344,4.8344,1745000000.0,1745000000.0,0.2247,0.1095,K
2014-06-30 00:00:00,14644000000.0,8496000000.0,6148000000.0,3303000000.0,2845000000.0,,-187000000.0,216000000.0,-8000000.0,2658000000.0,805000000.0,1853000000.0,,1845000000.0,5.11,0.4198,0.1943,0.1815,0.126,0.0772,3386000000.0,2845000000.0,5.081,5.1065,5.1065,1846000000.0,1846000000.0,0.2312,0.1199,K
2014-03-31 00:00:00,14673000000.0,8459000000.0,6214000000.0,3266000000.0,2948000000.0,,-206000000.0,227000000.0,-6000000.0,2742000000.0,833000000.0,1909000000.0,,1902000000.0,5.26,0.4235,0.2009,0.1869,0.1296,0.0753,3483000000.0,2948000000.0,5.2252,5.2518,5.2518,1903000000.0,1903000000.0,0.2374,0.1184,K
2013-12-31 00:00:00,14792000000.0,8689000000.0,6103000000.0,3266000000.0,2837000000.0,,-231000000.0,235000000.0,,2606000000.0,792000000.0,1814000000.0,,1807000000.0,4.99,0.4126,0.1918,0.1762,0.1222,0.0791,3369000000.0,2837000000.0,4.9534,4.9807,4.9807,1808000000.0,1808000000.0,0.2278,0.1222,K
2013-09-30 00:00:00,14854000000.0,9358000000.0,5496000000.0,3916000000.0,1580000000.0,,-257000000.0,243000000.0,-6000000.0,1323000000.0,361000000.0,962000000.0,,957000000.0,2.64,0.37,0.1064,0.0891,0.0644,0.0766,2066000000.0,1580000000.0,2.6078,2.6296,2.6296,957000000.0,957000000.0,0.1391,0.1193,K
2013-06-30 00:00:00,14858000000.0,9346000000.0,5512000000.0,3923000000.0,1589000000.0,,-268000000.0,260000000.0,-5000000.0,1321000000.0,368000000.0,953000000.0,,949000000.0,2.57,0.371,0.1069,0.0889,0.0639,0.0785,2069000000.0,1589000000.0,2.598,2.6173,2.6173,949000000.0,949000000.0,0.1393,0.12,K
2013-03-31 00:00:00,14618000000.0,9144000000.0,5474000000.0,3936000000.0,1538000000.0,,-284000000.0,288000000.0,,1254000000.0,331000000.0,923000000.0,,921000000.0,2.44,0.3745,0.1052,0.0858,0.063,0.081,2004000000.0,1538000000.0,2.5414,2.5579,2.5579,921000000.0,921000000.0,0.1371,0.1201,K
2012-12-31 00:00:00,14197000000.0,8763000000.0,5434000000.0,3872000000.0,1562000000.0,,-237000000.0,261000000.0,,1325000000.0,363000000.0,962000000.0,,961000000.0,2.58,0.3828,0.11,0.0933,0.0677,0.0863,2010000000.0,1562000000.0,2.6694,2.6844,2.6844,961000000.0,961000000.0,0.1416,0.1238,K
