Date,Revenue,Cost of Revenue,Gross Profit,SG&A Expenses,Operating Income,Non-operating Income/Expense,Non-operating Interest Expenses,Income (Other),EBT,Income Tax Provision,Income after Tax,Share of Subsidiary Earnings,Net Income Common,EPS (Basic),Gross Margin,EBIT Margin,EBT margin,Net Profit Margin,Free Cash Flow Margin,EBITDA,EBIT,"EPS (Diluted, from Cont. Ops)","EPS (Diluted, from Disc. Ops)","EPS (Basic, Consolidated)","EPS (Basic, from Discontinued Ops)","EPS (Basic, from Continuous Ops)",Income from Continuous Operations,Income from Discontinued Operations,Consolidated Net Income/Loss,EBITDA Margin,Operating Cash Flow Margin,Ticker
2022-09-30 00:00:00,1712504000.0,521888000.0,1190616000.0,116591000.0,546624900.0,32059000.0,223355000.0,,89898000.0,-613000.0,90511000.0,153041000.0,229296000.0,0.36,0.6952,0.3192,0.0525,0.1339,0.3553,1060581900.0,546624900.0,0.3972,,0.41,,0.41,243552000.0,,240677000.0,0.6193,0.5298,KIM
2022-06-30 00:00:00,1647708000.0,497485000.0,1150223000.0,112818000.0,478558900.0,72412000.0,223090000.0,,555613000.0,740000.0,554873000.0,141512000.0,675538000.0,1.19,0.6981,0.2904,0.3372,0.41,0.306,981334900.0,478558900.0,1.2339,,1.2497,,1.2497,696385000.0,,690014000.0,0.5956,0.4658,KIM
2022-03-31 00:00:00,1509526000.0,457040000.0,1052486000.0,109591000.0,463125900.0,37203000.0,213436000.0,,830795000.0,1919000.0,828876000.0,115354000.0,912165000.0,1.65,0.6972,0.3068,0.5504,0.6043,0.3254,913863900.0,463125900.0,1.717,,1.7337,,1.7337,944230000.0,,938392000.0,0.6054,0.4406,KIM
2021-12-31 00:00:00,1364585000.0,417911000.0,946674000.0,104121000.0,424285900.0,46484000.0,204133000.0,,745126000.0,3380000.0,741746000.0,107950000.0,814165000.0,1.58,0.6937,0.3109,0.546,0.5966,0.2946,819605900.0,424285900.0,1.6616,,1.6784,,1.6784,849696000.0,,845218000.0,0.6006,0.4535,KIM
2021-09-30 00:00:00,1209371900.0,375925000.0,833447000.0,96037000.0,378796000.0,151787000.0,192541000.0,,894432000.0,3393000.0,891039000.0,78507000.0,934118000.0,1.92,0.6892,0.3132,0.7396,0.7724,0.3524,714778000.0,378796000.0,1.9913,,2.0007,,2.0007,969546100.0,,965468000.0,0.591,0.4475,KIM
2021-06-30 00:00:00,1100556900.0,355604000.0,744953000.0,98928000.0,375421000.0,-28372000.0,187357000.0,,347049000.0,3467000.0,343582000.0,79331000.0,392063000.0,0.91,0.6769,0.3411,0.3153,0.3562,0.4786,668869000.0,375421000.0,0.9764,,0.9825,,0.9825,422913100.0,,422913000.0,0.6078,0.5871,KIM
2021-03-31 00:00:00,1050456900.0,346565000.0,703892000.0,96678000.0,321772000.0,661470000.0,188560000.0,,983242000.0,2243000.0,980999000.0,72914000.0,1023259000.0,2.37,0.6701,0.3063,0.936,0.9741,0.3236,616206000.0,321772000.0,2.4407,,2.4507,,2.4507,1053913100.0,,1053913000.0,0.5866,0.555,KIM
2020-12-31 00:00:00,1057892900.0,342969000.0,714924000.0,93217000.0,332612000.0,595262000.0,186904000.0,,927874000.0,978000.0,926896000.0,75981000.0,975417000.0,2.26,0.6758,0.3144,0.8771,0.922,0.3442,621567000.0,332612000.0,2.3235,,2.3325,,2.3325,1002877100.0,,1002877000.0,0.5876,0.5576,KIM
2020-09-30 00:00:00,1084582100.0,342111000.0,742471100.0,96962000.0,388926100.0,444486000.0,186774000.0,,833412000.0,745000.0,832667000.0,78454000.0,873349000.0,2.02,0.6846,0.3586,0.7684,0.8052,0.3911,672025100.0,388926000.0,2.1173,,2.1237,,2.1237,911121000.0,,911121000.0,0.6196,0.5229,KIM
2020-06-30 00:00:00,1107661100.0,336210000.0,771451100.0,91999000.0,415512100.0,537978000.0,182978000.0,,953490000.0,-3509000.0,956999000.0,77004000.0,977145000.0,2.26,0.6965,0.3751,0.8608,0.8822,0.316,695781100.0,415512000.0,2.4073,,2.4142,,2.4142,1034003000.0,,1034003000.0,0.6282,0.4582,KIM
2020-03-31 00:00:00,1153618100.0,338911000.0,814707100.0,92128000.0,458792100.0,-173290000.0,179060000.0,,285502000.0,-3904000.0,289406000.0,97866000.0,322099000.0,0.75,0.7062,0.3977,0.2475,0.2792,0.3489,734507100.0,458792000.0,0.9132,,0.9159,,0.9159,387272000.0,,387272000.0,0.6367,0.5059,KIM
2019-12-31 00:00:00,1158884100.0,336951000.0,821933100.0,96942000.0,477587100.0,-165581000.0,177395000.0,,312006000.0,-3317000.0,315323000.0,98238000.0,339988000.0,0.8,0.7092,0.4121,0.2692,0.2934,0.3989,755466100.0,477587000.0,0.9805,,0.9838,,0.9838,413561000.0,,413561000.0,0.6519,0.5036,KIM
2019-09-30 00:00:00,1146955000.0,327000000.0,819955000.0,92318000.0,452423000.0,-167266000.0,174519000.0,,285157000.0,-997000.0,286154000.0,105311000.0,310907000.0,0.75,0.7149,0.3945,0.2486,0.2711,0.3955,736129000.0,452422900.0,0.9321,,0.9339,,0.9339,391465000.0,,391465000.0,0.6418,0.5267,KIM
2019-06-30 00:00:00,1147164000.0,326716000.0,820448000.0,89834000.0,483411000.0,-180071000.0,175454000.0,,303340000.0,2554000.0,300786000.0,105951000.0,337483000.0,0.8,0.7152,0.4214,0.2644,0.2942,0.4452,773215000.0,483410900.0,0.9691,,0.9707,,0.9707,406737000.0,,406737000.0,0.674,0.5226,KIM
2019-03-31 00:00:00,1155694000.0,324911000.0,830783000.0,91230000.0,555600000.0,-181069000.0,177791000.0,,374531000.0,2178000.0,372353000.0,98806000.0,401842000.0,0.96,0.7189,0.4808,0.3241,0.3477,0.6332,856159000.0,555599900.0,1.1211,,1.1232,,1.1232,471159000.0,,471159000.0,0.7408,0.52,KIM
2018-12-31 00:00:00,1164762000.0,328559000.0,836203000.0,87797000.0,582406000.0,-183060000.0,183339000.0,,399346000.0,1600000.0,397746000.0,100717000.0,429708000.0,1.02,0.7179,0.5,0.3429,0.3689,0.7387,892786000.0,582405900.0,1.183,,1.1851,,1.1851,498463000.0,,498463000.0,0.7665,0.5477,KIM
2018-09-30 00:00:00,1195786000.0,336416000.0,859370000.0,95747000.0,643578000.0,-191925000.0,192584000.0,,451653000.0,361000.0,451292000.0,105892000.0,437310000.0,1.02,0.7187,0.5382,0.3777,0.3657,0.6789,964716000.0,643578000.0,1.319,,1.1741,,1.3207,557184000.0,,495082000.0,0.8068,0.5324,KIM
2018-06-30 00:00:00,1207551000.0,337976000.0,869575000.0,95922000.0,612967000.0,-188211000.0,195761000.0,,424756000.0,-21000.0,424777000.0,113365000.0,453643000.0,1.07,0.7201,0.5076,0.3517,0.3757,0.5875,947576000.0,612967000.0,1.2715,,1.2223,,1.2732,538142000.0,,516573000.0,0.7847,0.5516,KIM
2018-03-31 00:00:00,1211324000.0,340850000.0,870474000.0,91858000.0,499289000.0,-189705000.0,195417000.0,,309584000.0,-335000.0,309919000.0,136233000.0,434652000.0,1.02,0.7186,0.4122,0.2556,0.3588,0.3449,849408000.0,499289000.0,1.1957,,1.1933,,1.1973,507124000.0,,505438000.0,0.7012,0.5361,KIM
2017-12-31 00:00:00,1200834000.0,337893000.0,862941000.0,91690000.0,431017000.0,-191150000.0,191956000.0,75450000.0,239867000.0,-880000.0,240747000.0,127764000.0,370329000.0,0.87,0.7186,0.3589,0.1998,0.3084,0.2287,791828000.0,431017000.0,1.0369,,1.0379,,1.038,439671000.0,,439671000.0,0.6594,0.5115,KIM
2017-09-30 00:00:00,1182635000.0,361648000.0,820987000.0,60674000.0,423033000.0,-178588000.0,182897000.0,,244445000.0,3067000.0,241378000.0,132796000.0,363696000.0,0.86,0.6942,0.3577,0.2067,0.3075,0.2514,789704000.0,423033000.0,1.0591,0.4021,1.0252,0.4035,1.0612,449624000.0,167263000.0,435791000.0,0.6677,0.5423,KIM
2017-06-30 00:00:00,1172866000.0,353280000.0,819586000.0,67134000.0,399268000.0,-218546000.0,182191000.0,82034000.0,180722000.0,65190000.0,115532000.0,119056000.0,206639000.0,0.49,0.6988,0.3404,0.1541,0.1762,0.3146,774323000.0,399268000.0,0.7444,,0.6378,,0.7462,316622000.0,,272027000.0,0.6602,0.5766,KIM
2017-03-31 00:00:00,1167178000.0,340807000.0,826371000.0,77097000.0,387024000.0,-225386000.0,186580000.0,67574000.0,161638000.0,65978000.0,95660000.0,184175000.0,266632000.0,0.64,0.708,0.3316,0.1385,0.2284,0.3884,749562000.0,387024000.0,0.8221,0.3736,0.7631,0.375,0.8244,347409000.0,154395000.0,322199000.0,0.6422,0.5245,KIM
2016-12-31 00:00:00,1170792000.0,329024000.0,841768000.0,86796000.0,393646000.0,-232798000.0,192549000.0,60477000.0,160848000.0,78583000.0,82265000.0,246487000.0,330612000.0,0.8,0.719,0.3362,0.1374,0.2824,0.4115,748966000.0,393646000.0,0.92,,0.9229,,0.9229,386138000.0,,386138000.0,0.6397,0.5057,KIM
2016-09-30 00:00:00,1174636100.0,297335000.0,877301100.0,123253000.0,311413100.0,-244505000.0,205634000.0,62529000.0,66908000.0,121589000.0,-54681000.0,567128000.0,625932000.0,1.51,0.7469,0.2651,0.057,0.5329,0.9767,661944100.0,311413000.0,1.421,,1.6552,,1.4235,568634000.0,,684163000.0,0.5635,0.4049,KIM
2016-06-30 00:00:00,1177942100.0,298713000.0,879229100.0,122580000.0,310320100.0,-203916000.0,213113000.0,195746000.0,106404000.0,63007000.0,43397000.0,574030000.0,744031000.0,1.79,0.7464,0.2634,0.0903,0.6316,0.9979,667732100.0,310320000.0,1.6932,,1.9512,,1.6957,673372000.0,,806795000.0,0.5669,0.3596,KIM
2016-03-31 00:00:00,1180515100.0,302792000.0,877723100.0,121959000.0,348865100.0,-175067000.0,218764000.0,,173798000.0,59625000.0,114173000.0,485298000.0,664604000.0,1.6,0.7435,0.2955,0.1472,0.563,1.0329,703679100.0,348865000.0,1.5683,0.3694,1.771,0.3708,1.5693,608904000.0,152634000.0,729558000.0,0.5961,0.3961,KIM
2015-12-31 00:00:00,1166769100.0,304477000.0,862292100.0,122735000.0,343572100.0,-174656000.0,218891000.0,172696000.0,168916000.0,60230000.0,108686000.0,516485000.0,831215000.0,2.01,0.739,0.2945,0.1448,0.7124,0.6264,688099100.0,343572000.0,2.0,0.2456,2.1885,0.2562,2.01,774405000.0,102029000.0,900143000.0,0.5897,0.4231,KIM
2015-09-30 00:00:00,1130411000.0,294843000.0,835568000.0,116997000.0,341932000.0,-175285000.0,212561000.0,184036000.0,166647000.0,19664000.0,146983000.0,193170000.0,509401000.0,1.23,0.7392,0.3025,0.1474,0.4506,0.7153,673542900.0,341932000.0,1.28,0.2313,1.3931,0.242,1.28,509758000.0,95739000.0,572193000.0,0.5958,0.5148,KIM
2015-06-30 00:00:00,1097263000.0,286034000.0,811229000.0,118319000.0,357335000.0,-179947000.0,209755000.0,,177388000.0,22072000.0,155316000.0,228780000.0,626537000.0,1.52,0.7393,0.3257,0.1617,0.571,0.8286,655855900.0,357335000.0,1.34,,1.678,,1.34,561790000.0,,688418000.0,0.5977,0.537,KIM
2015-03-31 00:00:00,1049160000.0,273414000.0,775746000.0,117785000.0,329613000.0,-209503000.0,206094000.0,243292000.0,120110000.0,26640000.0,93470000.0,252907000.0,589049000.0,1.43,0.7394,0.3142,0.1145,0.5614,0.6819,615608900.0,329613000.0,1.34,0.0743,1.5927,0.0748,1.35,589669000.0,30646000.0,652759000.0,0.5868,0.5823,KIM
2014-12-31 00:00:00,993897000.0,258617000.0,735280000.0,122201000.0,310315000.0,-208208000.0,203759000.0,107235000.0,102107000.0,22438000.0,79669000.0,197602000.0,365707000.0,0.89,0.7398,0.3122,0.1027,0.368,1.1832,583407900.0,310315000.0,0.77,0.124,1.0654,0.1246,0.77,384506000.0,50985000.0,435880000.0,0.587,0.6332,KIM
2014-09-30 00:00:00,915314900.0,238248000.0,677066900.0,125829000.0,336777900.0,-194046000.0,203713000.0,82314000.0,142732000.0,20229000.0,122503000.0,196601000.0,374535000.0,0.92,0.7397,0.3679,0.1559,0.4092,0.3398,603126900.0,336777900.0,0.79,0.1026,1.0895,0.0935,0.8,402877000.0,41886000.0,445504000.0,0.6589,0.5967,KIM
2014-06-30 00:00:00,881543900.0,227896000.0,653647900.0,128025000.0,263099900.0,-191186000.0,206437000.0,91053000.0,71914000.0,38740000.0,33174000.0,245500000.0,235590000.0,0.58,0.7415,0.2985,0.0816,0.2672,0.4379,523208900.0,263099900.0,0.66,-0.106,0.7476,-0.1161,0.67,348016000.0,-43914000.0,305383000.0,0.5935,0.7153,KIM
2014-03-31 00:00:00,862704900.0,222785000.0,639919900.0,130571000.0,249788900.0,-187937000.0,208986000.0,26855000.0,61852000.0,25596000.0,36256000.0,261165000.0,197217000.0,0.49,0.7418,0.2895,0.0717,0.2286,0.6331,506536900.0,249788900.0,0.55,-0.083,0.6534,-0.0833,0.55,299706000.0,-33893000.0,266705000.0,0.5871,0.6974,KIM
2013-12-31 00:00:00,861526900.0,221498000.0,640028900.0,127470000.0,249465900.0,-189894000.0,212240000.0,,59572000.0,32654000.0,26918000.0,239825000.0,177987000.0,0.44,0.7429,0.2896,0.0691,0.2066,0.5738,507320900.0,249465900.0,0.53,-0.1187,0.5921,-0.1191,0.53,288454000.0,-48533000.0,241353000.0,0.5889,0.6617,KIM
2013-09-30 00:00:00,795599000.0,204825000.0,590774000.0,124489000.0,159906000.0,-204284000.0,215674000.0,,-44378000.0,29859000.0,-74237000.0,251065000.0,190483000.0,0.46,0.7426,0.201,-0.0558,0.2394,0.7994,416104000.0,159906000.0,0.29,0.1686,0.6698,0.1688,0.29,199939000.0,71365000.0,272624000.0,0.523,0.7608,KIM
2013-06-30 00:00:00,796999000.0,207013000.0,589986000.0,123541000.0,214009000.0,-211511000.0,218192000.0,35258000.0,2498000.0,11616000.0,-9118000.0,179080000.0,176101000.0,0.43,0.7403,0.2685,0.0031,0.221,0.4327,472602000.0,214009000.0,0.24,0.1938,0.6704,0.194,0.24,193073000.0,78667000.0,272520000.0,0.593,0.5886,KIM
2013-03-31 00:00:00,796399000.0,206588000.0,589811000.0,123130000.0,238402000.0,-216049000.0,219950000.0,38725000.0,22353000.0,27122000.0,-4769000.0,155802000.0,187806000.0,0.46,0.7406,0.2993,0.0281,0.2358,0.4401,499032000.0,238402000.0,0.22,0.2435,0.7182,0.2439,0.22,187750000.0,99046000.0,291635000.0,0.6266,0.5927,KIM
2012-12-31 00:00:00,793373000.0,206974000.0,586399000.0,123524000.0,232916000.0,-221159000.0,223736000.0,,11757000.0,15603000.0,-3846000.0,166293000.0,172673000.0,0.42,0.7391,0.2936,0.0148,0.2176,0.4741,495658000.0,232916000.0,0.19,0.2409,0.6904,0.2413,0.19,178002000.0,97974000.0,280275000.0,0.6247,0.6038,KIM
