Date,Revenue,Cost of Revenue,Gross Profit,SG&A Expenses,Operating Income,Non-operating Income/Expense,Non-operating Interest Expenses,EBT,Income Tax Provision,Income after Tax,Net Income Common,EPS (Basic),Gross Margin,EBIT Margin,EBT margin,Net Profit Margin,Free Cash Flow Margin,EBITDA,EBIT,"EPS (Diluted, from Cont. Ops)","EPS (Diluted, from Disc. Ops)","EPS (Basic, Consolidated)","EPS (Basic, from Discontinued Ops)","EPS (Basic, from Continuous Ops)",Income from Continuous Operations,Income from Discontinued Operations,Consolidated Net Income/Loss,EBITDA Margin,Operating Cash Flow Margin,Ticker
2022-09-30 00:00:00,13912000000.0,6368000000.0,7544000000.0,1460000000.0,1748000000.0,-384000000.0,384000000.0,1364000000.0,278000000.0,1086000000.0,991000000.0,3.99,0.5423,0.1256,0.098,0.0712,0.1917,1748000000.0,1748000000.0,4.3877,,4.3965,,4.3965,1086000000.0,,1086000000.0,0.1256,0.2311,L
2022-06-30 00:00:00,13822000000.0,6335000000.0,7487000000.0,1445000000.0,1869000000.0,-391000000.0,391000000.0,1478000000.0,289000000.0,1189000000.0,1081000000.0,4.31,0.5417,0.1352,0.1069,0.0782,0.1824,1869000000.0,1869000000.0,4.7498,,4.7597,,4.7597,1189000000.0,,1189000000.0,0.1352,0.2246,L
2022-03-31 00:00:00,14437000000.0,6298000000.0,8139000000.0,1428000000.0,2632000000.0,-395000000.0,395000000.0,2237000000.0,457000000.0,1780000000.0,1655000000.0,6.44,0.5638,0.1823,0.1549,0.1146,0.1656,2632000000.0,2632000000.0,6.9398,,6.9547,,6.9547,1780000000.0,,1780000000.0,0.1823,0.1958,L
2021-12-31 00:00:00,14657000000.0,6349000000.0,8308000000.0,1443000000.0,2606000000.0,-424000000.0,424000000.0,2182000000.0,479000000.0,1703000000.0,1578000000.0,6.05,0.5668,0.1778,0.1489,0.1077,0.1202,2606000000.0,2606000000.0,6.545,,6.5584,,6.5584,1703000000.0,,1703000000.0,0.1778,0.1476,L
2021-09-30 00:00:00,14705000000.0,6171000000.0,8534000000.0,1448000000.0,2706000000.0,-435000000.0,435000000.0,2271000000.0,502000000.0,1769000000.0,1632000000.0,6.14,0.5803,0.184,0.1544,0.111,0.0965,2706000000.0,2706000000.0,6.5193,,6.5293,,6.5293,1769000000.0,,1769000000.0,0.184,0.1225,L
2021-06-30 00:00:00,14799000000.0,6155000000.0,8644000000.0,1440000000.0,2623000000.0,-473000000.0,473000000.0,2150000000.0,465000000.0,1685000000.0,1551000000.0,5.78,0.5841,0.1772,0.1453,0.1048,0.1014,2623000000.0,2623000000.0,6.1428,,6.151,,6.151,1685000000.0,,1685000000.0,0.1772,0.1249,L
2021-03-31 00:00:00,13106000000.0,6251000000.0,6855000000.0,1425000000.0,560000000.0,-496000000.0,496000000.0,64000000.0,18000000.0,46000000.0,-38000000.0,-0.04,0.523,0.0427,0.0049,-0.0029,0.0802,560000000.0,560000000.0,0.126,,0.1275,,0.1275,46000000.0,,46000000.0,0.0427,0.1183,L
2020-12-31 00:00:00,12583000000.0,6170000000.0,6413000000.0,1410000000.0,-949000000.0,-515000000.0,515000000.0,-1464000000.0,-173000000.0,-1291000000.0,-931000000.0,-3.21,0.5097,-0.0754,-0.1163,-0.074,0.0874,-949000000.0,-949000000.0,-4.6054,,-4.6054,,-4.6054,-1291000000.0,,-1291000000.0,-0.0754,0.1387,L
2020-09-30 00:00:00,12750000000.0,6166000000.0,6584000000.0,1404000000.0,-1190000000.0,-546000000.0,546000000.0,-1736000000.0,-219000000.0,-1517000000.0,-1111000000.0,-3.93,0.5164,-0.0933,-0.1362,-0.0871,0.0729,-1190000000.0,-1190000000.0,-5.3355,,-5.3333,,-5.3333,-1517000000.0,,-1517000000.0,-0.0933,0.1381,L
2020-06-30 00:00:00,12960000000.0,6164000000.0,6796000000.0,1389000000.0,-1306000000.0,-553000000.0,553000000.0,-1859000000.0,-219000000.0,-1640000000.0,-1178000000.0,-4.19,0.5244,-0.1008,-0.1434,-0.0909,0.0576,-1306000000.0,-1306000000.0,-5.7861,,-5.7838,,-5.7838,-1640000000.0,,-1640000000.0,-0.1008,0.1317,L
2020-03-31 00:00:00,14273000000.0,5874000000.0,8399000000.0,1385000000.0,84000000.0,-594000000.0,594000000.0,-510000000.0,59000000.0,-569000000.0,-94000000.0,-0.41,0.5885,0.0059,-0.0357,-0.0066,0.0755,84000000.0,84000000.0,-2.0418,,-2.0378,,-2.0378,-569000000.0,,-569000000.0,0.0059,0.1394,L
2019-12-31 00:00:00,14931000000.0,5806000000.0,9125000000.0,1383000000.0,1710000000.0,-591000000.0,591000000.0,1119000000.0,248000000.0,871000000.0,932000000.0,3.06,0.6111,0.1145,0.0749,0.0624,0.0563,1710000000.0,1710000000.0,2.8712,,2.8774,,2.8774,871000000.0,,871000000.0,0.1145,0.1166,L
2019-09-30 00:00:00,14342000000.0,5917000000.0,8425000000.0,1368000000.0,1204000000.0,-593000000.0,593000000.0,611000000.0,162000000.0,449000000.0,550000000.0,1.8,0.5874,0.0839,0.0426,0.0383,0.0858,1204000000.0,1204000000.0,1.5067,,1.5087,,1.5087,449000000.0,,449000000.0,0.0839,0.1463,L
2019-06-30 00:00:00,14275000000.0,5615000000.0,8660000000.0,1360000000.0,1500000000.0,-595000000.0,595000000.0,905000000.0,206000000.0,699000000.0,756000000.0,2.44,0.6067,0.1051,0.0634,0.053,0.1241,1500000000.0,1500000000.0,2.2899,,2.2942,,2.2942,699000000.0,,699000000.0,0.1051,0.1783,L
2019-03-31 00:00:00,14242000000.0,5590000000.0,8652000000.0,1381000000.0,1511000000.0,-574000000.0,574000000.0,937000000.0,215000000.0,722000000.0,737000000.0,2.34,0.6075,0.1061,0.0658,0.0517,0.2047,1511000000.0,1511000000.0,2.3266,,2.3314,,2.3314,722000000.0,,722000000.0,0.1061,0.2661,L
2018-12-31 00:00:00,14066000000.0,5572000000.0,8494000000.0,1335000000.0,1408000000.0,-574000000.0,574000000.0,834000000.0,128000000.0,706000000.0,636000000.0,1.96,0.6039,0.1001,0.0593,0.0452,0.2375,1408000000.0,1408000000.0,2.2067,,2.2126,,2.2126,706000000.0,,706000000.0,0.1001,0.3002,L
2018-09-30 00:00:00,14334000000.0,5235000000.0,9099000000.0,1299000000.0,2099000000.0,-572000000.0,572000000.0,1527000000.0,79000000.0,1448000000.0,1282000000.0,3.92,0.6348,0.1464,0.1065,0.0894,0.2225,2099000000.0,2099000000.0,4.4187,,4.4315,,4.4315,1448000000.0,,1448000000.0,0.1464,0.2913,L
2018-06-30 00:00:00,14247000000.0,5403000000.0,8844000000.0,1271000000.0,2086000000.0,-649000000.0,649000000.0,1437000000.0,66000000.0,1371000000.0,1161000000.0,3.5,0.6208,0.1464,0.1009,0.0815,0.169,2086000000.0,2086000000.0,4.1341,,4.1459,,4.1459,1371000000.0,,1371000000.0,0.1464,0.2464,L
2018-03-31 00:00:00,14016000000.0,5356000000.0,8660000000.0,1224000000.0,2122000000.0,-645000000.0,645000000.0,1477000000.0,76000000.0,1401000000.0,1162000000.0,3.47,0.6179,0.1514,0.1054,0.0829,0.1464,2122000000.0,2122000000.0,4.1818,,4.1933,,4.1933,1401000000.0,,1401000000.0,0.1514,0.2215,L
2017-12-31 00:00:00,13735000000.0,5310000000.0,8425000000.0,1233000000.0,2228000000.0,-646000000.0,646000000.0,1582000000.0,170000000.0,1412000000.0,1164000000.0,3.45,0.6134,0.1622,0.1152,0.0847,0.1135,2228000000.0,2228000000.0,4.1837,,4.1947,,4.1947,1412000000.0,,1412000000.0,0.1622,0.1886,L
2017-09-30 00:00:00,13518000000.0,5387000000.0,8131000000.0,1235000000.0,2219000000.0,-637000000.0,637000000.0,1582000000.0,289000000.0,1293000000.0,973000000.0,2.81,0.6015,0.1642,0.117,0.072,0.1086,2219000000.0,2219000000.0,3.8247,,3.8315,,3.8315,1293000000.0,,1293000000.0,0.1642,0.1736,L
2017-06-30 00:00:00,13284000000.0,5109000000.0,8175000000.0,1240000000.0,2418000000.0,-544000000.0,544000000.0,1874000000.0,400000000.0,1474000000.0,1143000000.0,3.32,0.6154,0.182,0.1411,0.086,0.136,2418000000.0,2418000000.0,4.3611,,4.3679,,4.3679,1474000000.0,,1474000000.0,0.182,0.2042,L
2017-03-31 00:00:00,13232000000.0,5168000000.0,8064000000.0,1233000000.0,1786000000.0,-535000000.0,535000000.0,1251000000.0,343000000.0,908000000.0,847000000.0,2.44,0.6094,0.135,0.0945,0.064,0.0639,1786000000.0,1786000000.0,2.6876,,2.6925,,2.6925,908000000.0,,908000000.0,0.135,0.1589,L
2016-12-31 00:00:00,13105000000.0,5283000000.0,7822000000.0,1235000000.0,1472000000.0,-536000000.0,536000000.0,936000000.0,220000000.0,716000000.0,654000000.0,1.87,0.5969,0.1123,0.0714,0.0499,0.0865,1472000000.0,1472000000.0,2.1163,,2.1186,,2.1186,716000000.0,,716000000.0,0.1123,0.1719,L
2016-09-30 00:00:00,13100000000.0,5325000000.0,7775000000.0,1530000000.0,501000000.0,-530000000.0,530000000.0,-29000000.0,-42000000.0,13000000.0,163000000.0,0.5,0.5935,0.0382,-0.0022,0.0124,0.157,501000000.0,501000000.0,0.1117,,0.1129,,0.1129,13000000.0,,13000000.0,0.0382,0.2342,L
2016-06-30 00:00:00,12982000000.0,5323000000.0,7659000000.0,1535000000.0,291000000.0,-528000000.0,528000000.0,-237000000.0,-139000000.0,-98000000.0,18000000.0,0.03,0.59,0.0224,-0.0183,0.0014,0.1768,291000000.0,291000000.0,-0.2714,,-0.2713,,-0.2713,-98000000.0,,-98000000.0,0.0224,0.2489,L
2016-03-31 00:00:00,13110000000.0,5453000000.0,7657000000.0,1544000000.0,866000000.0,-532000000.0,532000000.0,334000000.0,-103000000.0,437000000.0,253000000.0,0.68,0.5841,0.0661,0.0255,0.0193,0.1913,866000000.0,866000000.0,1.2465,,1.2473,,1.2473,437000000.0,,437000000.0,0.0661,0.2787,L
2015-12-31 00:00:00,13415000000.0,5384000000.0,8031000000.0,1540000000.0,764000000.0,-520000000.0,520000000.0,244000000.0,-43000000.0,287000000.0,260000000.0,0.67,0.5987,0.057,0.0182,0.0194,0.151,764000000.0,764000000.0,0.7912,,0.7919,,0.7919,287000000.0,,287000000.0,0.057,0.2644,L
2015-09-30 00:00:00,13603000000.0,5358000000.0,8245000000.0,1257000000.0,1681000000.0,-522000000.0,522000000.0,1159000000.0,280000000.0,879000000.0,669000000.0,1.8,0.6061,0.1236,0.0852,0.0492,0.0509,1681000000.0,1681000000.0,2.1598,,2.3607,,2.1611,879000000.0,,872000000.0,0.1236,0.2271,L
2015-06-30 00:00:00,13957000000.0,5512000000.0,8445000000.0,1270000000.0,1665000000.0,-515000000.0,515000000.0,1150000000.0,313000000.0,837000000.0,695000000.0,1.85,0.6051,0.1193,0.0824,0.0498,0.0772,1665000000.0,1665000000.0,1.8489,,2.2861,,1.8497,837000000.0,,859000000.0,0.1193,0.2067,L
2015-03-31 00:00:00,14115000000.0,5484000000.0,8631000000.0,1291000000.0,1908000000.0,-507000000.0,507000000.0,1401000000.0,410000000.0,991000000.0,641000000.0,1.69,0.6115,0.1352,0.0993,0.0454,0.084,1908000000.0,1908000000.0,1.9713,,2.1752,,1.9714,991000000.0,,827000000.0,0.1352,0.1848,L
2014-12-31 00:00:00,14325000000.0,5591000000.0,8734000000.0,1317000000.0,2308000000.0,-498000000.0,498000000.0,1810000000.0,457000000.0,1353000000.0,591000000.0,1.55,0.6097,0.1611,0.1264,0.0413,0.0885,2308000000.0,2308000000.0,2.52,-0.97,2.5188,-0.97,2.52,1353000000.0,-391000000.0,962000000.0,0.1611,0.2087,L
2014-09-30 00:00:00,14518000000.0,5788000000.0,8730000000.0,1354000000.0,2509000000.0,-473000000.0,473000000.0,2036000000.0,576000000.0,1460000000.0,185000000.0,0.49,0.6013,0.1728,0.1402,0.0127,0.107,2509000000.0,2509000000.0,2.8,-2.31,1.4216,-2.32,2.81,1460000000.0,-917000000.0,543000000.0,0.1728,0.1972,L
2014-06-30 00:00:00,14592000000.0,5812000000.0,8780000000.0,1363000000.0,2730000000.0,-457000000.0,457000000.0,2273000000.0,632000000.0,1641000000.0,259000000.0,0.67,0.6017,0.1871,0.1558,0.0177,0.0721,2730000000.0,2730000000.0,3.15,-2.48,1.7064,-2.49,3.16,1641000000.0,-983000000.0,658000000.0,0.1871,0.1909,L
2014-03-31 00:00:00,14615000000.0,5856000000.0,8759000000.0,1363000000.0,2732000000.0,-439000000.0,439000000.0,2293000000.0,650000000.0,1643000000.0,412000000.0,1.06,0.5993,0.1869,0.1569,0.0282,0.0016,2732000000.0,2732000000.0,3.03,-1.97,2.2087,-1.98,3.04,1643000000.0,-788000000.0,855000000.0,0.1869,0.1308,L
2013-12-31 00:00:00,14613000000.0,5806000000.0,8807000000.0,1362000000.0,2702000000.0,-425000000.0,425000000.0,2277000000.0,656000000.0,1621000000.0,595000000.0,1.53,0.6027,0.1849,0.1558,0.0407,0.0246,2702000000.0,2702000000.0,2.95,-1.42,2.7506,-1.43,2.96,1621000000.0,-552000000.0,1069000000.0,0.1849,0.1434,L
2013-09-30 00:00:00,14124000000.0,5824000000.0,8300000000.0,1341000000.0,2714000000.0,-416000000.0,416000000.0,2298000000.0,603000000.0,1695000000.0,761000000.0,1.96,0.5877,0.1922,0.1627,0.0539,0.0396,2714000000.0,2714000000.0,1.9413,-0.09,3.2841,-0.09,1.9466,1695000000.0,-17000000.0,1277000000.0,0.1922,0.1473,L
2013-06-30 00:00:00,14242000000.0,5881000000.0,8361000000.0,1333000000.0,2551000000.0,-420000000.0,420000000.0,2131000000.0,547000000.0,1584000000.0,656000000.0,1.68,0.5871,0.1791,0.1496,0.0461,0.0463,2551000000.0,2551000000.0,1.9055,-0.0077,3.0783,-0.0077,1.9124,1584000000.0,-2000000.0,1203000000.0,0.1791,0.1581,L
2013-03-31 00:00:00,14014000000.0,5744000000.0,8270000000.0,1307000000.0,2202000000.0,-423000000.0,423000000.0,1779000000.0,400000000.0,1379000000.0,443000000.0,1.13,0.5901,0.1571,0.1269,0.0316,0.1106,2202000000.0,2202000000.0,1.7341,-0.03,2.5181,-0.03,1.7419,1379000000.0,-12000000.0,989000000.0,0.1571,0.2236,L
2012-12-31 00:00:00,14072000000.0,5729000000.0,8343000000.0,1274000000.0,2448000000.0,-426000000.0,426000000.0,2022000000.0,513000000.0,1509000000.0,568000000.0,1.43,0.5929,0.174,0.1437,0.0404,0.1187,2448000000.0,2448000000.0,2.44,,2.8093,,2.45,1509000000.0,,1110000000.0,0.174,0.2028,L
