Date,Revenue,Cost of Revenue,Gross Profit,SG&A Expenses,Operating Income,Interest Expense (Operating),Non-operating Income/Expense,Non-operating Interest Expenses,EBT,Income Tax Provision,Income after Tax,Net Income Common,EPS (Basic),Gross Margin,EBIT Margin,EBT margin,Net Profit Margin,Free Cash Flow Margin,EBITDA,EBIT,"EPS (Diluted, from Cont. Ops)","EPS (Diluted, from Disc. Ops)","EPS (Basic, Consolidated)","EPS (Basic, from Discontinued Ops)","EPS (Basic, from Continuous Ops)",Income from Continuous Operations,Income from Discontinued Operations,Consolidated Net Income/Loss,EBITDA Margin,Operating Cash Flow Margin,Ticker
2022-09-30 00:00:00,16834000000.0,11904000000.0,4930000000.0,2994000000.0,1936000000.0,272000000.0,1388000000.0,272000000.0,1328000000.0,200000000.0,1128000000.0,1130000000.0,5.75,0.2929,0.115,0.0789,0.0671,0.1141,3157000000.0,1936000000.0,5.74,,5.7984,,5.81,1128000000.0,,1128000000.0,0.1875,0.1306,LHX
2022-06-30 00:00:00,16817000000.0,11773000000.0,5044000000.0,3011000000.0,1999000000.0,269000000.0,638000000.0,269000000.0,2235000000.0,327000000.0,1908000000.0,1911000000.0,9.71,0.2999,0.1189,0.1329,0.1136,0.1069,3239000000.0,1999000000.0,9.69,,9.7728,,9.78,1908000000.0,,1908000000.0,0.1926,0.1245,LHX
2022-03-31 00:00:00,17350000000.0,12117000000.0,5233000000.0,3158000000.0,2041000000.0,267000000.0,560000000.0,267000000.0,2292000000.0,441000000.0,1851000000.0,1853000000.0,9.31,0.3016,0.1176,0.1321,0.1068,0.1008,3102000000.0,2041000000.0,9.28,,9.3547,,9.36,1851000000.0,,1851000000.0,0.1788,0.119,LHX
2021-12-31 00:00:00,17814000000.0,12438000000.0,5376000000.0,3246000000.0,2096000000.0,268000000.0,408000000.0,265000000.0,2283000000.0,440000000.0,1843000000.0,1846000000.0,9.14,0.3018,0.1177,0.1282,0.1036,0.1326,3153000000.0,2096000000.0,9.09,-0.0096,9.1506,-0.0104,9.17,1843000000.0,,1842000000.0,0.177,0.1508,LHX
2021-09-30 00:00:00,18124000000.0,12646000000.0,5478000000.0,3282000000.0,2162000000.0,269000000.0,-119000000.0,257000000.0,1942000000.0,399000000.0,1543000000.0,1555000000.0,7.6,0.3023,0.1193,0.1072,0.0858,0.1258,3185000000.0,2162000000.0,7.56,,7.5634,,7.64,1543000000.0,,1542000000.0,0.1757,0.1414,LHX
2021-06-30 00:00:00,18358000000.0,12877000000.0,5481000000.0,3340000000.0,2141000000.0,268000000.0,-267000000.0,252000000.0,1874000000.0,379000000.0,1495000000.0,1500000000.0,7.21,0.2986,0.1166,0.1021,0.0817,0.1385,3142000000.0,2141000000.0,7.16,,7.1774,,7.23,1495000000.0,,1493000000.0,0.1712,0.1545,LHX
2021-03-31 00:00:00,18135000000.0,12801000000.0,5334000000.0,3304000000.0,2030000000.0,271000000.0,-402000000.0,252000000.0,1628000000.0,268000000.0,1360000000.0,1370000000.0,6.49,0.2941,0.1119,0.0898,0.0755,0.1447,3083000000.0,2030000000.0,6.45,-0.0141,6.4365,-0.02,6.51,1360000000.0,-4000000.0,1358000000.0,0.17,0.1609,LHX
2020-12-31 00:00:00,18194000000.0,12886000000.0,5308000000.0,3315000000.0,1993000000.0,270000000.0,-671000000.0,254000000.0,1322000000.0,234000000.0,1088000000.0,1119000000.0,5.23,0.2917,0.1095,0.0727,0.0615,0.1381,3025000000.0,1993000000.0,5.19,-0.0138,5.0748,-0.0145,5.24,1088000000.0,,1086000000.0,0.1663,0.1533,LHX
2020-09-30 00:00:00,18366000000.0,13109000000.0,5257000000.0,2981000000.0,1845000000.0,270000000.0,-78000000.0,198000000.0,1543000000.0,239000000.0,1304000000.0,1319000000.0,6.11,0.2862,0.1005,0.084,0.0718,0.1639,3107000000.0,1845000000.0,6.05,-0.0291,6.0099,-0.0223,6.1,1304000000.0,-4000000.0,1296000000.0,0.1692,0.1606,LHX
2020-06-30 00:00:00,18334000000.0,13199000000.0,5135000000.0,3163000000.0,1770000000.0,,-81000000.0,203000000.0,1465000000.0,157000000.0,1308000000.0,1322000000.0,6.04,0.2801,0.0965,0.0799,0.0721,0.1285,2980000000.0,1770000000.0,5.96,,5.9491,,6.03,1308000000.0,,1301000000.0,0.1625,0.124,LHX
2020-03-31 00:00:00,15754000000.0,11247000000.0,4507000000.0,2657000000.0,1648000000.0,,7000000.0,177000000.0,1431000000.0,132000000.0,1299000000.0,1307000000.0,6.99,0.2861,0.1046,0.0908,0.083,0.1186,2638000000.0,1648000000.0,6.87,-0.0291,6.9269,-0.0276,6.98,1299000000.0,-6000000.0,1291000000.0,0.1674,0.1132,LHX
2019-12-31 00:00:00,12856000000.0,9088000000.0,3768000000.0,2155000000.0,1411000000.0,,306000000.0,152000000.0,1493000000.0,146000000.0,1347000000.0,1333000000.0,8.01,0.2931,0.1098,0.1161,0.1037,0.1362,2235000000.0,1411000000.0,7.9,-0.0345,8.0952,-0.033,8.04,1347000000.0,-7000000.0,1340000000.0,0.1738,0.1287,LHX
2019-09-30 00:00:00,9690000000.0,6699000000.0,2991000000.0,1937000000.0,2657000000.0,,38000000.0,192000000.0,1296000000.0,124000000.0,1163000000.0,1165000000.0,8.12,0.3087,0.1284,0.1337,0.1202,0.0986,3051000000.0,1244000000.0,8.01,,8.0873,,8.16,1172000000.0,,1159000000.0,0.3149,0.1186,LHX
2019-06-30 00:00:00,6801000000.0,4467000000.0,2334000000.0,1269000000.0,2491000000.0,,22000000.0,169000000.0,1113000000.0,160000000.0,926000000.0,949000000.0,8.0,0.3432,0.1512,0.1637,0.1395,0.1506,2684000000.0,1028000000.0,7.89,-0.04,7.7885,-0.0885,8.05,953000000.0,-12000000.0,920000000.0,0.3946,0.1742,LHX
2019-03-31 00:00:00,6498000000.0,4272000000.0,2226000000.0,1188000000.0,2401000000.0,,18000000.0,171000000.0,1019000000.0,137000000.0,822000000.0,877000000.0,7.44,0.3426,0.1474,0.1568,0.135,0.1417,2721000000.0,958000000.0,7.31,,6.8581,,7.45,882000000.0,,811000000.0,0.4187,0.1699,LHX
2018-12-31 00:00:00,6305000000.0,4155000000.0,2150000000.0,,3657000000.0,,,170000000.0,961000000.0,191000000.0,,765000000.0,6.59,0.341,0.0,0.1524,0.1213,0.1286,3978000000.0,,6.37,-0.08,,,6.49,770000000.0,,,0.6309,0.155,LHX
2018-09-30 00:00:00,6049000000.0,3979000000.0,2070000000.0,1134000000.0,2214000000.0,,-28000000.0,168000000.0,918000000.0,208000000.0,743000000.0,699000000.0,6.03,0.3422,0.1577,0.1518,0.1156,0.0937,2471000000.0,954000000.0,5.85,-0.69,5.4903,-0.71,5.97,710000000.0,-90000000.0,653000000.0,0.4085,0.119,LHX
2018-03-31 00:00:00,5996000000.0,3927000000.0,2069000000.0,1132000000.0,2236000000.0,,-75000000.0,166000000.0,894000000.0,236000000.0,672000000.0,571000000.0,4.92,0.3451,0.1579,0.1491,0.0952,0.2111,2732000000.0,947000000.0,5.38,-0.58,4.9751,-0.6,5.48,658000000.0,-73000000.0,617000000.0,0.4556,0.1821,LHX
2017-12-31 00:00:00,5883000000.0,3819000000.0,2064000000.0,,3482000000.0,,,169000000.0,921000000.0,298000000.0,,552000000.0,4.64,0.3508,0.0,0.1566,0.0938,0.2276,3867000000.0,,5.05,,,,5.14,623000000.0,,,0.6573,0.1894,LHX
2017-09-30 00:00:00,5768000000.0,3694000000.0,2074000000.0,1074000000.0,2193000000.0,,-127000000.0,171000000.0,899000000.0,262000000.0,633000000.0,581000000.0,4.76,0.3596,0.1755,0.1559,0.1007,0.1912,2513000000.0,1012000000.0,5.13,-0.46,4.6745,-0.47,5.21,637000000.0,-56000000.0,581000000.0,0.4357,0.1524,LHX
2017-03-31 00:00:00,5908000000.0,3784000000.0,2124000000.0,1135000000.0,2238000000.0,,-178000000.0,176000000.0,892000000.0,261000000.0,616000000.0,590000000.0,4.76,0.3595,0.1779,0.151,0.0999,0.2464,2820000000.0,1051000000.0,5.03,-0.33,4.5379,-0.33,5.09,631000000.0,-41000000.0,590000000.0,0.4773,0.2185,LHX
2016-12-31 00:00:00,6167000000.0,4029000000.0,2138000000.0,,3711000000.0,,,180000000.0,941000000.0,277000000.0,,353000000.0,2.83,0.3467,0.0,0.1526,0.0572,0.1571,4140000000.0,,5.3,-2.51,,-2.52,5.35,664000000.0,-311000000.0,653000000.0,0.6713,0.1824,LHX
2016-09-30 00:00:00,6529000000.0,4329000000.0,2200000000.0,1099000000.0,2524000000.0,,-170000000.0,184000000.0,922000000.0,273000000.0,578000000.0,324000000.0,2.61,0.337,0.1515,0.1412,0.0496,0.1202,2872000000.0,989000000.0,5.1868,-2.57,5.0596,-2.58,5.2284,649000000.0,-320900000.0,602000000.0,0.4399,0.1435,LHX
2016-03-31 00:00:00,6296000000.0,4186000000.0,2110000000.0,1017000000.0,2491000000.0,,-149000000.0,174000000.0,898000000.0,268000000.0,558000000.0,290000000.0,2.53,0.3351,0.1495,0.1426,0.0461,0.1677,3003000000.0,941000000.0,5.2268,-2.69,4.9632,-2.71,5.2684,630000000.0,-336900000.0,567000000.0,0.477,0.2047,LHX
2015-12-31 00:00:00,5952000000.0,3985000000.0,1967000000.0,,3429000000.0,,,150000000.0,866000000.0,256000000.0,,261000000.0,2.52,0.3305,0.0,0.1455,0.0439,0.1235,3732000000.0,,5.2868,-2.79,,-2.81,5.3384,610000000.0,-347600000.0,,0.627,0.1552,LHX
2015-09-30 00:00:00,5359000000.0,3544000000.0,1815000000.0,947200000.0,1879000000.0,,-124300000.0,127000000.0,760000000.0,222000000.0,536100000.0,538000000.0,4.94,0.3387,0.1673,0.1418,0.1004,0.0888,2096000000.0,896300000.0,4.8883,,4.938,,4.9434,538000000.0,,540200000.0,0.3911,0.1271,LHX
2015-03-31 00:00:00,4815500000.0,3165000000.0,1650500000.0,826000000.0,1840300000.0,,-100100000.0,102200000.0,745000000.0,217900000.0,515500000.0,531400000.0,5.06,0.3427,0.1752,0.1547,0.1104,0.1558,2205900100.0,843900000.0,4.9715,,4.921,,5.025,527100000.0,,528300000.0,0.4581,0.2224,LHX
2014-12-31 00:00:00,4851700000.0,3206400000.0,1645299900.0,,2850500000.0,,,91900000.0,769300000.0,231100000.0,,541600000.0,5.12,0.3391,0.0,0.1586,0.1116,0.1057,3102500100.0,,5.0415,,,,5.095,538200000.0,,,0.6395,0.1614,LHX
2014-09-30 00:00:00,4837600000.0,3172900000.0,1664699900.0,808500000.0,1854100000.0,,-93400000.0,93600000.0,768100000.0,241500000.0,514100000.0,528400000.0,4.95,0.3441,0.1713,0.1588,0.1092,0.1132,2053100100.0,828600000.0,4.9015,,4.5586,,4.945,526600000.0,,528000000.0,0.4244,0.1682,LHX
2014-03-31 00:00:00,4886300000.0,3214400000.0,1671899900.0,811700000.0,1853800000.0,,-98800000.0,98200000.0,762500000.0,236300000.0,517400000.0,498200000.0,4.62,0.3422,0.1731,0.156,0.102,0.1822,2217100000.0,845600000.0,4.84,-0.26,2.5951,-0.26,4.87,526200000.0,-28900000.0,497300000.0,0.4537,0.2551,LHX
2013-12-31 00:00:00,4905700000.0,3218800000.0,1686899900.0,,2917400000.0,,,102600000.0,761700000.0,234100000.0,,405300000.0,3.73,0.3439,0.0,0.1553,0.0826,0.1419,3187499900.0,,4.82,-1.12,,-1.13,4.85,527600000.0,-126700000.0,400900000.0,0.6498,0.194,LHX
2013-09-30 00:00:00,4944000000.0,3271700000.0,1672300000.0,850500000.0,1909200000.0,,-95900000.0,106800000.0,746000000.0,227200000.0,534700000.0,183300000.0,1.69,0.3382,0.1758,0.1509,0.0371,0.1452,2128899900.0,869300000.0,4.7,-3.03,-1.8877,-3.04,4.72,518800000.0,-340000000.0,178800000.0,0.4306,0.1952,LHX
2013-03-31 00:00:00,5120900000.0,3377000000.0,1743900100.0,866100000.0,1946600000.0,,-100600000.0,111800000.0,785800000.0,240000000.0,537900000.0,-295700000.0,-2.63,0.3405,0.1716,0.1534,-0.0577,0.1731,2360299900.0,878499900.0,4.9,-7.54,-2.0497,-7.55,4.91,545800000.0,-846800000.0,-301000000.0,0.4609,0.2492,LHX
2012-12-31 00:00:00,5227400000.0,3429500000.0,1797900100.0,,3059100000.0,,,113300000.0,821300000.0,265300000.0,,-257400000.0,-2.32,0.3439,0.0,0.1571,-0.0492,0.1269,3374500000.0,,4.96,-7.29,,-7.3,4.98,556000000.0,-819000000.0,-263000000.0,0.6455,0.184,LHX
