Date,Revenue,Cost of Revenue,Gross Profit,R&D Expenses,SG&A Expenses,Operating Income,Interest Expense (Operating),Non-operating Income/Expense,Non-operating Interest Expenses,EBT,Income Tax Provision,Income after Tax,Share of Subsidiary Earnings,Net Income Common,EPS (Basic),Gross Margin,EBIT Margin,EBT margin,Net Profit Margin,Free Cash Flow Margin,EBITDA,EBIT,"EPS (Diluted, from Cont. Ops)","EPS (Diluted, from Disc. Ops)","EPS (Basic, Consolidated)","EPS (Basic, from Discontinued Ops)","EPS (Basic, from Continuous Ops)",Income from Continuous Operations,Income from Discontinued Operations,Consolidated Net Income/Loss,EBITDA Margin,Operating Cash Flow Margin,Ticker
2022-09-30 00:00:00,33763000000.0,19950000000.0,13813000000.0,145000000.0,3130000000.0,5019000000.0,,165000000.0,63000000.0,5184000000.0,1385000000.0,3799000000.0,175000000.0,3845000000.0,7.61,0.4091,0.1487,0.1535,0.1139,0.2051,9402000000.0,5019000000.0,7.56,,7.883,,7.61,3974000000.0,2000000.0,3976000000.0,0.2785,0.2962,LIN
2022-06-30 00:00:00,32634000000.0,19033000000.0,13601000000.0,146000000.0,3153000000.0,4698000000.0,,167000000.0,53000000.0,4865000000.0,1315000000.0,3550000000.0,133000000.0,3551000000.0,6.95,0.4168,0.144,0.1491,0.1088,0.2104,9199000000.0,4698000000.0,6.9,,7.2288,,6.95,3683000000.0,3000000.0,3686000000.0,0.2819,0.304,LIN
2022-03-31 00:00:00,31761000000.0,18287000000.0,13474000000.0,143000000.0,3204000000.0,5251000000.0,184000000.0,141000000.0,66000000.0,5392000000.0,1363000000.0,4029000000.0,120000000.0,4020000000.0,7.83,0.4242,0.1653,0.1698,0.1266,0.2092,9832000000.0,5251000000.0,7.76,,8.1005,,7.83,4149000000.0,4000000.0,4153000000.0,0.3096,0.3028,LIN
2021-12-31 00:00:00,30793000000.0,17543000000.0,13250000000.0,143000000.0,3189000000.0,4984000000.0,265000000.0,115000000.0,77000000.0,5099000000.0,1262000000.0,3837000000.0,119000000.0,3826000000.0,7.39,0.4303,0.1619,0.1656,0.1242,0.2156,9619000000.0,4984000000.0,7.32,0.01,7.6631,0.0099,7.39,3956000000.0,5000000.0,3961000000.0,0.3124,0.3158,LIN
2021-09-30 00:00:00,29767000000.0,16702000000.0,13065000000.0,143000000.0,3204000000.0,4676000000.0,,108000000.0,81000000.0,4784000000.0,1176000000.0,3608000000.0,97000000.0,3570000000.0,6.86,0.4389,0.1571,0.1607,0.1199,0.1899,9368000000.0,4676000000.0,6.78,0.0138,7.1302,0.01,6.86,3705000000.0,4000000.0,3709000000.0,0.3147,0.2999,LIN
2021-06-30 00:00:00,28954000000.0,16169000000.0,12785000000.0,143000000.0,3181000000.0,4353000000.0,285000000.0,74000000.0,111000000.0,4427000000.0,1120000000.0,3307000000.0,119000000.0,3291000000.0,6.29,0.4416,0.1503,0.1529,0.1137,0.1704,9050000000.0,4353000000.0,6.22,0.0138,6.5602,0.01,6.29,3426000000.0,4000000.0,3430000000.0,0.3126,0.2851,LIN
2021-03-31 00:00:00,27747000000.0,15594000000.0,12153000000.0,143000000.0,3119000000.0,3802000000.0,276000000.0,70000000.0,111000000.0,3872000000.0,950000000.0,2922000000.0,111000000.0,2908000000.0,5.54,0.438,0.137,0.1395,0.1048,0.1741,8452000000.0,3802000000.0,5.49,0.0119,5.7893,0.0119,5.54,3033000000.0,3000000.0,3036000000.0,0.3046,0.2952,LIN
2020-12-31 00:00:00,27243000000.0,15383000000.0,11860000000.0,152000000.0,3193000000.0,3322000000.0,,62000000.0,115000000.0,3384000000.0,847000000.0,2537000000.0,85000000.0,2501000000.0,4.74,0.4353,0.1219,0.1242,0.0918,0.1479,7948000000.0,3322000000.0,4.7,0.01,4.9853,0.02,4.74,2622000000.0,4000000.0,2626000000.0,0.2917,0.2727,LIN
2020-09-30 00:00:00,27051000000.0,15484000000.0,11567000000.0,163000000.0,3235000000.0,2948000000.0,,68000000.0,88000000.0,3016000000.0,756000000.0,2260000000.0,93000000.0,2242000000.0,4.22,0.4276,0.109,0.1115,0.0829,0.1398,7544000000.0,2948000000.0,4.19,0.0119,4.4561,0.0257,4.2,2353000000.0,7000000.0,2360000000.0,0.2789,0.265,LIN
2020-06-30 00:00:00,27196000000.0,15710000000.0,11486000000.0,171000000.0,3315000000.0,2979000000.0,,66000000.0,47000000.0,3045000000.0,789000000.0,2256000000.0,98000000.0,2277000000.0,4.25,0.4223,0.1095,0.112,0.0837,0.1323,7504000000.0,2979000000.0,4.21,0.02,4.4329,,4.22,2354000000.0,13000000.0,2367000000.0,0.2759,0.2632,LIN
2020-03-31 00:00:00,28023000000.0,16371000000.0,11652000000.0,182000000.0,3439000000.0,3057000000.0,,53000000.0,39000000.0,3110000000.0,794000000.0,2316000000.0,97000000.0,2341000000.0,4.35,0.4158,0.1091,0.111,0.0835,0.0983,7653000000.0,3057000000.0,4.28,0.04,4.5294,0.0438,4.3,2413000000.0,22000000.0,2435000000.0,0.2731,0.2283,LIN
2019-12-31 00:00:00,28228000000.0,16644000000.0,11584000000.0,184000000.0,3457000000.0,2933000000.0,,-6000000.0,38000000.0,2927000000.0,769000000.0,2158000000.0,114000000.0,2285000000.0,4.23,0.4104,0.1039,0.1037,0.0809,0.0863,7620000000.0,2933000000.0,4.0,0.19,4.4004,0.19,4.03,2272000000.0,109000000.0,2381000000.0,0.2699,0.2168,LIN
2019-09-30 00:00:00,26949000000.0,16412000000.0,10537000000.0,177000000.0,3331000000.0,5514000000.0,,-81000000.0,102000000.0,5433000000.0,962000000.0,4471000000.0,104000000.0,4752000000.0,4.95,0.391,0.2046,0.2016,0.1763,0.0652,10309000000.0,5514000000.0,11.04,0.18,11.689,,11.15,4575000000.0,105000000.0,4797000000.0,0.3825,0.1948,LIN
2019-06-30 00:00:00,22957000000.0,14049000000.0,8908000000.0,156000000.0,2775000000.0,5183000000.0,,-128000000.0,145000000.0,5055000000.0,820000000.0,4235000000.0,89000000.0,4478000000.0,5.2,0.388,0.2258,0.2202,0.1951,0.0581,9187000000.0,5183000000.0,11.28,0.17,11.9878,,11.4,4324000000.0,98000000.0,4539000000.0,0.4002,0.1851,LIN
2019-03-31 00:00:00,18797000000.0,11475000000.0,7322000000.0,135000000.0,2198000000.0,5203000000.0,,-188000000.0,179000000.0,5015000000.0,809000000.0,4206000000.0,75000000.0,4436000000.0,4.34,0.3895,0.2768,0.2668,0.236,0.0869,8323000000.0,5203000000.0,11.99,,12.706,,12.12,4281000000.0,,4487000000.0,0.4428,0.2146,LIN
2018-12-31 00:00:00,14836000000.0,9020000000.0,5816000000.0,113000000.0,1629000000.0,5247000000.0,,-198000000.0,202000000.0,5049000000.0,817000000.0,4232000000.0,56000000.0,4381000000.0,,0.392,0.3537,0.3403,0.2953,0.1194,7445000000.0,5247000000.0,12.79,,13.3322,,12.93,4288000000.0,,4405000000.0,0.5018,0.2463,LIN
2018-09-30 00:00:00,11909000000.0,6647000000.0,5262000000.0,95000000.0,1223000000.0,2650000000.0,,-184000000.0,171000000.0,2466000000.0,1020000000.0,1446000000.0,54000000.0,1436000000.0,,0.4419,0.2225,0.2071,0.1206,0.1503,3885000000.0,2650000000.0,4.7745,,5.2093,,4.8384,1500000000.0,,1500000000.0,0.3262,0.2674,LIN
2018-06-30 00:00:00,11823000000.0,6601000000.0,5222000000.0,95000000.0,1229000000.0,2613000000.0,,-185000000.0,172000000.0,2428000000.0,1026000000.0,1402000000.0,53000000.0,1394000000.0,4.85,0.4417,0.221,0.2054,0.1179,0.15,3840000000.0,2613000000.0,4.6986,,5.0617,,4.7569,1455000000.0,,1455000000.0,0.3248,0.2629,LIN
2018-03-31 00:00:00,11613000000.0,6494000000.0,5119000000.0,94000000.0,1227000000.0,2530000000.0,,-179000000.0,166000000.0,2351000000.0,1025000000.0,1326000000.0,50000000.0,1320000000.0,4.6,0.4408,0.2179,0.2024,0.1137,0.1472,3738000000.0,2530000000.0,4.5042,,4.796,,4.555,1376000000.0,,1376000000.0,0.3219,0.26,LIN
2017-12-31 00:00:00,11358000000.0,6382000000.0,4976000000.0,93000000.0,1207000000.0,2444000000.0,,-157000000.0,161000000.0,2287000000.0,1026000000.0,1261000000.0,47000000.0,1247000000.0,4.35,0.4381,0.2152,0.2014,0.1098,0.1523,3628000000.0,2444000000.0,4.32,,4.5693,,4.36,1308000000.0,,1308000000.0,0.3194,0.2677,LIN
2017-09-30 00:00:00,11128000000.0,6273000000.0,4855000000.0,92000000.0,1167000000.0,2413000000.0,,-160000000.0,158000000.0,2253000000.0,620000000.0,1633000000.0,45000000.0,1620000000.0,5.66,0.4363,0.2168,0.2025,0.1456,0.1407,3575000000.0,2413000000.0,5.7236,,5.8681,,5.7344,1678000000.0,,1678000000.0,0.3213,0.2648,LIN
2017-06-30 00:00:00,10922000000.0,6154000000.0,4768000000.0,91000000.0,1158000000.0,2278000000.0,,-156000000.0,160000000.0,2122000000.0,578000000.0,1544000000.0,43000000.0,1540000000.0,5.39,0.4366,0.2086,0.1943,0.141,0.1377,3426000000.0,2278000000.0,5.4131,,5.553,,5.4193,1587000000.0,,1587000000.0,0.3137,0.2693,LIN
2017-03-31 00:00:00,10753000000.0,6023000000.0,4730000000.0,92000000.0,1161000000.0,2260000000.0,,-160000000.0,166000000.0,2100000000.0,567000000.0,1533000000.0,43000000.0,1533000000.0,5.37,0.4399,0.2102,0.1953,0.1426,0.1374,3397000000.0,2260000000.0,5.379,,5.5165,,5.3828,1576000000.0,,1576000000.0,0.3159,0.274,LIN
2016-12-31 00:00:00,10534000000.0,5855000000.0,4679000000.0,92000000.0,1145000000.0,2247000000.0,,-199000000.0,190000000.0,2048000000.0,551000000.0,1497000000.0,41000000.0,1500000000.0,5.26,0.4442,0.2133,0.1944,0.1424,0.1257,3369000000.0,2247000000.0,5.25,,5.3838,,5.2501,1538000000.0,,1538000000.0,0.3198,0.2648,LIN
2016-09-30 00:00:00,10485000000.0,5808000000.0,4677000000.0,92000000.0,1148000000.0,2263000000.0,,-194000000.0,194000000.0,2069000000.0,562000000.0,1507000000.0,43000000.0,1516000000.0,5.32,0.4461,0.2158,0.1973,0.1446,0.133,3375000000.0,2263000000.0,5.3915,,5.4268,,5.4268,1550000000.0,,1550000000.0,0.3219,0.2707,LIN
2016-06-30 00:00:00,10455000000.0,5763000000.0,4692000000.0,93000000.0,1138000000.0,2360000000.0,,-186000000.0,186000000.0,2174000000.0,598000000.0,1576000000.0,43000000.0,1578000000.0,5.53,0.4488,0.2257,0.2079,0.1509,0.1199,3464000000.0,2360000000.0,5.6354,,5.6692,,5.6692,1619000000.0,,1619000000.0,0.3313,0.2607,LIN
2016-03-31 00:00:00,10528000000.0,5811000000.0,4717000000.0,92000000.0,1127000000.0,2252000000.0,,-182000000.0,182000000.0,2070000000.0,583000000.0,1487000000.0,42000000.0,1487000000.0,5.2,0.448,0.2139,0.1966,0.1412,0.1209,3353000000.0,2252000000.0,5.3135,,5.3455,,5.3455,1529000000.0,,1529000000.0,0.3185,0.2603,LIN
2015-12-31 00:00:00,10776000000.0,5960000000.0,4816000000.0,93000000.0,1152000000.0,2321000000.0,,-161000000.0,161000000.0,2160000000.0,612000000.0,1548000000.0,43000000.0,1547000000.0,5.39,0.4469,0.2154,0.2004,0.1436,0.1071,3427000000.0,2321000000.0,5.5042,,5.5434,,5.5434,1591000000.0,,1591000000.0,0.318,0.2501,LIN
2015-09-30 00:00:00,11171000000.0,6223000000.0,4948000000.0,94000000.0,1197000000.0,2222000000.0,,-198000000.0,198000000.0,2024000000.0,594000000.0,1430000000.0,43000000.0,1427000000.0,4.95,0.4429,0.1989,0.1812,0.1277,0.0948,3344000000.0,2222000000.0,5.072,,5.1138,,5.1138,1473000000.0,,1473000000.0,0.2993,0.2412,LIN
2015-06-30 00:00:00,11629000000.0,6515000000.0,5114000000.0,96000000.0,1243000000.0,2339000000.0,,-208000000.0,208000000.0,2131000000.0,625000000.0,1506000000.0,44000000.0,1503000000.0,5.18,0.4398,0.2011,0.1832,0.1292,0.0921,3486000000.0,2339000000.0,5.2942,,5.3451,,5.3451,1550000000.0,,1550000000.0,0.2998,0.2349,LIN
2015-03-31 00:00:00,12004000000.0,6766000000.0,5238000000.0,97000000.0,1281000000.0,2556000000.0,,-211000000.0,211000000.0,2345000000.0,677000000.0,1668000000.0,44000000.0,1662000000.0,5.7,0.4364,0.2129,0.1954,0.1385,0.0971,3718000000.0,2556000000.0,5.8197,,5.8791,,5.8791,1712000000.0,,1712000000.0,0.3097,0.2382,LIN
2014-12-31 00:00:00,12273000000.0,6962000000.0,5311000000.0,96000000.0,1308000000.0,2608000000.0,,-213000000.0,213000000.0,2395000000.0,691000000.0,1704000000.0,42000000.0,1694000000.0,5.78,0.4327,0.2125,0.1951,0.138,0.0976,3778000000.0,2608000000.0,5.9064,,5.9693,,5.9693,1746000000.0,,1746000000.0,0.3078,0.2352,LIN
2014-09-30 00:00:00,12293000000.0,6972000000.0,5321000000.0,98000000.0,1320000000.0,2773000000.0,,-190000000.0,190000000.0,2583000000.0,682000000.0,1901000000.0,39000000.0,1866000000.0,6.35,0.4328,0.2256,0.2101,0.1518,0.1088,3939000000.0,2773000000.0,6.5334,,6.6087,,6.6087,1940000000.0,,1940000000.0,0.3204,0.2489,LIN
2014-06-30 00:00:00,12162000000.0,6889000000.0,5273000000.0,97000000.0,1329000000.0,2732000000.0,,-186000000.0,186000000.0,2546000000.0,670000000.0,1876000000.0,36000000.0,1834000000.0,6.23,0.4336,0.2246,0.2093,0.1508,0.1186,3878000000.0,2732000000.0,6.4222,,6.497,,6.497,1912000000.0,,1912000000.0,0.3189,0.2673,LIN
2014-03-31 00:00:00,12063000000.0,6832000000.0,5231000000.0,97000000.0,1338000000.0,2700000000.0,,-184000000.0,184000000.0,2516000000.0,661000000.0,1855000000.0,37000000.0,1812000000.0,6.15,0.4336,0.2238,0.2086,0.1502,0.0857,3828000000.0,2700000000.0,6.3407,,6.4143,,6.4143,1892000000.0,,1892000000.0,0.3173,0.2471,LIN
2013-12-31 00:00:00,11925000000.0,6744000000.0,5181000000.0,98000000.0,1349000000.0,2625000000.0,,-178000000.0,178000000.0,2447000000.0,649000000.0,1798000000.0,38000000.0,1755000000.0,5.95,0.4345,0.2201,0.2052,0.1472,0.0752,3734000000.0,2625000000.0,6.1412,,6.2127,,6.2127,1836000000.0,,1836000000.0,0.3131,0.2446,LIN
2013-09-30 00:00:00,11714000000.0,6628000000.0,5086000000.0,97000000.0,1336000000.0,2551000000.0,,-157000000.0,157000000.0,2394000000.0,675000000.0,1719000000.0,38000000.0,1695000000.0,5.74,0.4342,0.2178,0.2044,0.1447,0.0633,3627000000.0,2551000000.0,5.8722,,5.9351,,5.9351,1757000000.0,,1757000000.0,0.3096,0.2418,LIN
2013-06-30 00:00:00,11475000000.0,6526000000.0,4949000000.0,97000000.0,1306000000.0,2439000000.0,,-152000000.0,152000000.0,2287000000.0,590000000.0,1697000000.0,38000000.0,1680000000.0,5.67,0.4313,0.2125,0.1993,0.1464,0.0482,3482000000.0,2439000000.0,5.782,,5.8442,,5.8442,1735000000.0,,1735000000.0,0.3034,0.233,LIN
2013-03-31 00:00:00,11272000000.0,6418000000.0,4854000000.0,98000000.0,1272000000.0,2410000000.0,,-144000000.0,144000000.0,2266000000.0,585000000.0,1681000000.0,37000000.0,1664000000.0,5.59,0.4306,0.2138,0.201,0.1476,0.0585,3425000000.0,2410000000.0,5.7062,,5.7705,,5.7705,1718000000.0,,1718000000.0,0.3039,0.2504,LIN
2012-12-31 00:00:00,11224000000.0,6396000000.0,4828000000.0,98000000.0,1270000000.0,2437000000.0,,-141000000.0,141000000.0,2296000000.0,586000000.0,1710000000.0,34000000.0,1692000000.0,5.67,0.4301,0.2171,0.2046,0.1507,0.051,3438000000.0,2437000000.0,5.7778,,5.8461,,5.8461,1744000000.0,,1744000000.0,0.3063,0.2452,LIN
