Date,Revenue,Cost of Revenue,Gross Profit,SG&A Expenses,Operating Income,Interest Expense (Operating),Non-operating Income/Expense,Non-operating Interest Expenses,EBT,Income Tax Provision,Income after Tax,Net Income Common,EPS (Basic),Gross Margin,EBIT Margin,EBT margin,Net Profit Margin,Free Cash Flow Margin,EBITDA,EBIT,"EPS (Diluted, from Cont. Ops)","EPS (Diluted, from Disc. Ops)","EPS (Basic, Consolidated)","EPS (Basic, from Discontinued Ops)","EPS (Basic, from Continuous Ops)",Income from Continuous Operations,Income from Discontinued Operations,Consolidated Net Income/Loss,EBITDA Margin,Operating Cash Flow Margin,Ticker
2022-09-30 00:00:00,4073000000.0,3064000000.0,1009000000.0,1360000000.0,901000000.0,306000000.0,45000000.0,306000000.0,691000000.0,18000000.0,673000000.0,666000000.0,2.65,0.2477,0.2212,0.1697,0.1635,-0.1692,1565000000.0,901000000.0,2.68,,2.6839,,2.6839,673000000.0,,673000000.0,0.3842,0.1449,LNT
2022-06-30 00:00:00,3962000000.0,2975000000.0,987000000.0,1348000000.0,881000000.0,291000000.0,39000000.0,291000000.0,688000000.0,-17000000.0,705000000.0,695000000.0,2.77,0.2491,0.2224,0.1736,0.1754,-0.1588,1541000000.0,881000000.0,2.8094,,2.8143,,2.8143,705000000.0,,705000000.0,0.3889,0.1704,LNT
2022-03-31 00:00:00,3836000000.0,2440000000.0,1396000000.0,1329000000.0,845000000.0,282000000.0,-21000000.0,282000000.0,654000000.0,-38000000.0,692000000.0,680000000.0,2.72,0.3639,0.2203,0.1705,0.1773,-0.1512,1504000000.0,845000000.0,2.7588,,2.7641,,2.7641,692000000.0,,692000000.0,0.3921,0.1794,LNT
2021-12-31 00:00:00,3669000000.0,1880000000.0,1789000000.0,1317000000.0,795000000.0,277000000.0,-84000000.0,277000000.0,600000000.0,-74000000.0,674000000.0,659000000.0,2.63,0.4876,0.2167,0.1635,0.1796,-0.16,1452000000.0,795000000.0,2.6885,,2.6939,,2.6939,674000000.0,,674000000.0,0.3957,0.1586,LNT
2021-09-30 00:00:00,3559000000.0,1301000000.0,2258000000.0,1312000000.0,775000000.0,274000000.0,-151000000.0,274000000.0,569000000.0,-76000000.0,645000000.0,635000000.0,2.54,0.6344,0.2178,0.1599,0.1784,-0.1916,1430000000.0,775000000.0,2.5715,,2.5765,,2.5765,645000000.0,,645000000.0,0.4018,0.1523,LNT
2021-06-30 00:00:00,3455000000.0,782000000.0,2673000000.0,1269000000.0,758000000.0,274000000.0,-198000000.0,274000000.0,560000000.0,-75000000.0,635000000.0,625000000.0,2.51,0.7737,0.2194,0.1621,0.1809,-0.2394,1404000000.0,758000000.0,2.5348,,2.5389,,2.5389,635000000.0,,635000000.0,0.4064,0.1126,LNT
2021-03-31 00:00:00,3401000000.0,798000000.0,2603000000.0,1220000000.0,750000000.0,274600000.0,-191000000.0,275000000.0,559000000.0,-66000000.0,625000000.0,615000000.0,2.47,0.7654,0.2205,0.1644,0.1808,-0.2417,1383000000.0,750000000.0,2.4966,,2.5003,,2.5003,625000000.0,,625000000.0,0.4066,0.1429,LNT
2020-12-31 00:00:00,3416000000.0,834000000.0,2582000000.0,1227000000.0,740000000.0,274500000.0,-173000000.0,275000000.0,567000000.0,-57000000.0,624000000.0,614000000.0,2.49,0.7559,0.2166,0.166,0.1797,-0.2532,1355000000.0,740000000.0,2.509,,2.5122,,2.5122,624000000.0,,624000000.0,0.3967,0.1467,LNT
2020-09-30 00:00:00,3479600000.0,889800000.0,2589800000.0,1203200000.0,789400000.0,275600000.0,-145500000.0,276500000.0,643900000.0,-27300000.0,671200000.0,661300000.0,2.69,0.7443,0.2269,0.1851,0.1901,-0.2736,1386400000.0,789400000.0,2.718,,2.7208,,2.7208,671200000.0,,671200000.0,0.3984,0.1687,LNT
2020-06-30 00:00:00,3549600000.0,927800000.0,2621800000.0,1229200000.0,807400000.0,,-140500000.0,276500000.0,666900000.0,15700000.0,651200000.0,641300000.0,2.65,0.7386,0.2275,0.1879,0.1807,-0.2364,1392600000.0,807400000.0,2.6766,,2.6814,,2.6814,651200000.0,,651200000.0,0.3923,0.1978,LNT
2020-03-31 00:00:00,3576800000.0,928000000.0,2648800000.0,1283500000.0,789200000.0,,-142000000.0,275700000.0,647200000.0,34900000.0,612300000.0,601900000.0,2.51,0.7406,0.2206,0.1809,0.1683,-0.2471,1375400000.0,789200000.0,2.54,,2.5453,,2.5453,612300000.0,,612300000.0,0.3845,0.1786,LNT
2019-12-31 00:00:00,3648000000.0,999000000.0,2649000000.0,1304000000.0,778000000.0,,-142000000.0,273000000.0,636000000.0,69000000.0,567000000.0,557000000.0,2.34,0.7262,0.2133,0.1743,0.1527,-0.2686,1345000000.0,778000000.0,2.3724,,2.3774,,2.3774,567000000.0,,567000000.0,0.3687,0.1809,LNT
2019-09-30 00:00:00,3640399900.0,1050700000.0,2589699900.0,1297700000.0,737599900.0,,-141100000.0,266700000.0,596500000.0,55200000.0,541300000.0,530900000.0,2.24,0.7114,0.2026,0.1639,0.1458,-0.2709,1292199900.0,737600100.0,2.2747,,2.2792,,2.2792,541300000.0,,541300000.0,0.355,0.1634,LNT
2019-06-30 00:00:00,3578999900.0,1061800000.0,2517199900.0,1274100000.0,703699900.0,,-139400000.0,262000000.0,564300000.0,43900000.0,520400000.0,510400000.0,2.16,0.7033,0.1966,0.1577,0.1426,-0.3009,1243099900.0,703700100.0,2.2049,,2.2062,,2.2062,520400000.0,,520400000.0,0.3473,0.1482,LNT
2019-03-31 00:00:00,3604899900.0,1112600000.0,2492299900.0,1263700000.0,705099900.0,,-132600000.0,254100000.0,572500000.0,46300000.0,526200000.0,516200000.0,2.19,0.6914,0.1956,0.1588,0.1432,-0.314,1218499900.0,705100100.0,2.2406,,2.2409,,2.2409,526200000.0,,526200000.0,0.338,0.1533,LNT
2018-12-31 00:00:00,3533999900.0,1087000000.0,2446999900.0,1246000000.0,693999900.0,,-124000000.0,247000000.0,570000000.0,48000000.0,522000000.0,512000000.0,2.18,0.6924,0.1964,0.1613,0.1449,-0.313,1200999900.0,694000100.0,2.2346,,2.2346,,2.2346,522000000.0,,522000000.0,0.3398,0.1494,LNT
2018-09-30 00:00:00,3517099700.0,1068800000.0,2448299700.0,1245800000.0,706999800.0,,-132300000.0,240400000.0,574700000.0,43900000.0,530800000.0,520600000.0,2.23,0.6961,0.201,0.1634,0.148,-0.2937,1202499700.0,706999800.0,2.3085,,2.28,,2.3085,530800000.0,,530800000.0,0.3419,0.1457,LNT
2018-06-30 00:00:00,3495399700.0,1067300000.0,2428099700.0,1253700000.0,687199800.0,,-134800000.0,231000000.0,552400000.0,58300000.0,494100000.0,483900000.0,2.09,0.6947,0.1966,0.158,0.1384,-0.2644,1174399700.0,687199800.0,2.1537,,2.1372,,2.1537,494100000.0,,494100000.0,0.336,0.1913,LNT
2018-03-31 00:00:00,3444599700.0,1043900000.0,2400699700.0,1235800000.0,689699800.0,,-135800000.0,222500000.0,553900000.0,65900000.0,488000000.0,477800000.0,2.07,0.6969,0.2002,0.1608,0.1387,-0.2822,1164899700.0,689699800.0,2.1329,,2.1164,,2.1329,488000000.0,,488000000.0,0.3382,0.1623,LNT
2017-12-31 00:00:00,3382199700.0,1029500000.0,2352699700.0,1219700000.0,671199800.0,,-138400000.0,215600000.0,532800000.0,66700000.0,466100000.0,457300000.0,1.99,0.6956,0.1985,0.1575,0.1352,-0.2795,1132999700.0,671199800.0,2.0292,0.0031,2.0352,0.0031,2.0292,466100000.0,,467500000.0,0.335,0.1542,LNT
2017-09-30 00:00:00,3323099900.0,1019900100.0,2303199900.0,1203400100.0,654199800.0,,-141800000.0,210400000.0,512400000.0,77100000.0,435300000.0,426200000.0,1.86,0.6931,0.1969,0.1542,0.1283,-0.3819,1094999800.0,654199900.0,1.8499,,1.9038,,1.8499,435300000.0,,436400000.0,0.3295,0.0572,LNT
2017-06-30 00:00:00,3340799900.0,1040700100.0,2300099900.0,1204200100.0,580499800.0,,-126700000.0,205300000.0,453800000.0,58500000.0,395300000.0,385800000.0,1.7,0.6885,0.1738,0.1358,0.1155,-0.39,1004699800.0,580499900.0,1.6899,,1.7384,,1.6899,395300000.0,,396000000.0,0.3007,0.0031,LNT
2017-03-31 00:00:00,3330099900.0,1052200100.0,2277899900.0,1220000100.0,555399800.0,,-114600000.0,200500000.0,440800000.0,55400000.0,385400000.0,375400000.0,1.66,0.684,0.1668,0.1324,0.1127,-0.29,966699800.0,555399900.0,1.65,0.0048,1.6963,0.0048,1.65,385400000.0,200000.0,385600000.0,0.2903,0.0851,LNT
2016-12-31 00:00:00,3319999900.0,1048300100.0,2271699900.0,1219600100.0,554099800.0,,-110700000.0,196200000.0,443400000.0,59400000.0,384000000.0,371500000.0,1.645,0.6842,0.1669,0.1336,0.1119,-0.2422,960899800.0,554099900.0,1.65,-0.0101,1.6807,-0.0101,1.65,384000000.0,-2300000.0,381700000.0,0.2894,0.1183,LNT
2016-09-30 00:00:00,3263100200.0,1022200000.0,2240900200.0,1228100000.0,516300100.0,,-102000000.0,192400000.0,414300000.0,58100000.0,356200000.0,342900000.0,1.515,0.6867,0.1582,0.127,0.1051,-0.0952,938800100.0,516300000.0,1.5378,-0.0085,1.5548,-0.0085,1.5378,356200000.0,-3100000.0,353100000.0,0.2877,0.2543,LNT
2016-06-30 00:00:00,3237400200.0,1023200000.0,2214200200.0,1219300000.0,589600200.0,,-103800000.0,190000000.0,485800000.0,78400000.0,407400000.0,394400000.0,1.74,0.6839,0.1821,0.1501,0.1218,-0.0263,1007300200.0,589600100.0,1.7578,-0.0071,1.7843,-0.0071,1.7578,407400000.0,-2800000.0,404600000.0,0.3111,0.2668,LNT
2016-03-31 00:00:00,3200000200.0,1006200000.0,2193800200.0,1220200000.0,570000200.0,,-106600000.0,188500000.0,463400000.0,71500000.0,391900000.0,378100000.0,1.67,0.6856,0.1781,0.1448,0.1182,-0.0322,986000200.0,570000100.0,1.685,-0.0149,1.7136,-0.0149,1.685,391900000.0,-3600000.0,388300000.0,0.3081,0.2452,LNT
2015-12-31 00:00:00,3253600200.0,1056800000.0,2196800200.0,1218500000.0,577000200.0,,-115700000.0,187100000.0,461300000.0,70400000.0,390900000.0,378200000.0,1.68,0.6752,0.1773,0.1418,0.1162,-0.0071,990700200.0,577000100.0,1.69,-0.0086,1.7231,-0.0086,1.69,390900000.0,-2700000.0,388400000.0,0.3045,0.2678,LNT
2015-09-30 00:00:00,3317600200.0,1105900100.0,2211700100.0,1223000000.0,589099800.0,,-115600000.0,185200000.0,473500000.0,57600000.0,415900000.0,404100000.0,1.8,0.6667,0.1776,0.1427,0.1218,0.0093,1042899900.0,589099800.0,1.7959,-0.019,1.8436,-0.019,1.7959,415900000.0,-3500000.0,414300000.0,0.3144,0.2481,LNT
2015-06-30 00:00:00,3261800200.0,1099100100.0,2162700100.0,1217300000.0,547999700.0,,-114700000.0,183400000.0,433300000.0,42200000.0,391100000.0,377500000.0,1.695,0.663,0.168,0.1328,0.1157,0.0154,999599800.0,547999700.0,1.7059,-0.02,1.741,-0.02,1.7059,391100000.0,-3700000.0,387700000.0,0.3065,0.2945,LNT
2015-03-31 00:00:00,3294900200.0,1151100100.0,2143800100.0,1208700000.0,542299700.0,,-113800000.0,182000000.0,428500000.0,44200000.0,384300000.0,371700000.0,1.675,0.6506,0.1646,0.13,0.1128,0.0003,989299900.0,542299700.0,1.6759,,1.7213,,1.6759,384300000.0,,381900000.0,0.3003,0.277,LNT
2014-12-31 00:00:00,3350300200.0,1205000100.0,2145300100.0,1213600000.0,543599700.0,,-103600000.0,180600000.0,440000000.0,44300000.0,395700000.0,383100000.0,1.725,0.6403,0.1623,0.1313,0.1143,0.0157,985899900.0,543599700.0,1.74,-0.0173,1.774,-0.0173,1.74,395700000.0,-3400000.0,393300000.0,0.2943,0.2661,LNT
2014-09-30 00:00:00,3378800200.0,1239500000.0,2139300200.0,1196500000.0,560900300.0,,-98900000.0,180100000.0,462000000.0,59900000.0,402100000.0,388600000.0,1.75,0.6332,0.166,0.1367,0.115,0.0169,953900400.0,560900200.0,1.7841,-0.0237,1.8001,-0.0237,1.7841,402100000.0,-4500000.0,398900000.0,0.2823,0.2521,LNT
2014-06-30 00:00:00,3402300200.0,1265200000.0,2137100200.0,1192700000.0,567500300.0,,-96600000.0,178000000.0,470900000.0,65100000.0,405800000.0,392900000.0,1.77,0.6281,0.1668,0.1384,0.1155,0.0004,965300400.0,567500200.0,1.7991,-0.0164,1.8195,-0.0164,1.7991,405800000.0,-3200000.0,403200000.0,0.2837,0.2222,LNT
2014-03-31 00:00:00,3370000200.0,1255000000.0,2115000200.0,1173800000.0,567400300.0,,-95400000.0,175400000.0,472000000.0,62400000.0,409600000.0,396400000.0,1.785,0.6276,0.1684,0.1401,0.1176,0.0263,971700300.0,567400200.0,1.8141,,1.8353,,1.8141,409600000.0,,406700000.0,0.2883,0.2451,LNT
2013-12-31 00:00:00,3276800200.0,1218500000.0,2058300200.0,1153500000.0,533900300.0,,-97900000.0,172800000.0,436000000.0,53900000.0,382100000.0,358300000.0,1.615,0.6281,0.1629,0.1331,0.1093,-0.0002,945000300.0,533900200.0,1.645,-0.03,1.6977,-0.03,1.645,382100000.0,-5900000.0,376200000.0,0.2884,0.2231,LNT
2013-09-30 00:00:00,3195099800.0,1103200000.0,2091899800.0,1202600000.0,526899900.0,,-93000000.0,168500000.0,433900000.0,45800000.0,388100000.0,361100000.0,1.63,0.6547,0.1649,0.1358,0.113,-0.0793,932099900.0,526900100.0,1.655,-0.0345,1.7162,-0.0345,1.655,388100000.0,-7700000.0,380400000.0,0.2917,0.2766,LNT
2013-06-30 00:00:00,3216099800.0,1148200000.0,2067899700.0,1174800000.0,539199900.0,,-92100000.0,164300000.0,447100000.0,67500000.0,379600000.0,354200000.0,1.6,0.643,0.1677,0.139,0.1101,-0.0371,939799900.0,539200100.0,1.61,-0.0195,1.6916,-0.0195,1.61,379600000.0,-4700000.0,374900000.0,0.2922,0.2877,LNT
2013-03-31 00:00:00,3188399800.0,1157500000.0,2030899700.0,1144100000.0,544799900.0,,-90400000.0,160400000.0,454400000.0,73800000.0,380600000.0,354800000.0,1.605,0.637,0.1709,0.1425,0.1113,-0.0772,937400000.0,544800100.0,1.615,-0.015,1.7007,-0.015,1.615,380600000.0,-3700000.0,376900000.0,0.294,0.2587,LNT
2012-12-31 00:00:00,3094499800.0,1201000000.0,1893499700.0,1041400000.0,519699900.0,,-89500000.0,156700000.0,430200000.0,89400000.0,340800000.0,319800000.0,1.45,0.6119,0.1679,0.139,0.1033,-0.0596,907600000.0,519700100.0,1.465,-0.02,1.5149,-0.02,1.465,340800000.0,-5100000.0,335700000.0,0.2933,0.2718,LNT
