Date,Revenue,Cost of Revenue,Gross Profit,R&D Expenses,SG&A Expenses,Operating Income,Interest Expense (Operating),Non-operating Income/Expense,Non-operating Interest Expenses,EBT,Income Tax Provision,Income after Tax,Net Income Common,EPS (Basic),Gross Margin,EBIT Margin,EBT margin,Net Profit Margin,Free Cash Flow Margin,EBITDA,EBIT,"EPS (Diluted, from Cont. Ops)","EPS (Diluted, from Disc. Ops)","EPS (Basic, Consolidated)","EPS (Basic, from Discontinued Ops)","EPS (Basic, from Continuous Ops)",Income from Continuous Operations,Income from Discontinued Operations,Consolidated Net Income/Loss,EBITDA Margin,Operating Cash Flow Margin,Ticker
2022-09-30 00:00:00,4001000000.0,3444000000.0,557000000.0,158000000.0,1067000000.0,-764000000.0,653000000.0,-73000000.0,57000000.0,-1401000000.0,186000000.0,-1587000000.0,-979000000.0,2.46,0.1392,-0.191,-0.3502,-0.2447,-0.3827,314000000.0,-764000000.0,-1.5,3.9448,1.8769,3.9448,-1.5,-1587000000.0,3021000000.0,-1587000000.0,0.0785,-0.1845,LVS
2022-06-30 00:00:00,3853000000.0,3453000000.0,400000000.0,145000000.0,1093000000.0,-903000000.0,627000000.0,46000000.0,20000000.0,-1702000000.0,99000000.0,-1801000000.0,-1109000000.0,2.29,0.1038,-0.2344,-0.4417,-0.2878,-0.4282,181000000.0,-903000000.0,-1.8,4.0761,1.7277,4.0761,-1.8,-1801000000.0,3121000000.0,-1801000000.0,0.047,-0.2149,LVS
2022-03-31 00:00:00,3981000000.0,3306000000.0,675000000.0,160000000.0,1075000000.0,-895000000.0,623000000.0,-89000000.0,164000000.0,-1684000000.0,-17000000.0,-1667000000.0,-1014000000.0,2.42,0.1696,-0.2248,-0.423,-0.2547,-0.3127,215000000.0,-895000000.0,-1.72,4.13,1.9567,4.13,-1.72,-1667000000.0,3162000000.0,-1629000000.0,0.054,-0.1394,LVS
2021-12-31 00:00:00,4234000000.0,3154000000.0,1080000000.0,109000000.0,1072000000.0,-689000000.0,621000000.0,-227000000.0,314000000.0,-1474000000.0,-5000000.0,-1469000000.0,-961000000.0,-1.25,0.2551,-0.1627,-0.3481,-0.227,-0.2539,428000000.0,-689000000.0,-1.51,0.25,-1.6702,0.25,-1.51,-1469000000.0,193000000.0,-1493000000.0,0.1011,-0.0574,LVS
2021-09-30 00:00:00,4241000000.0,2897000000.0,1344000000.0,62000000.0,1072000000.0,-670000000.0,619000000.0,-358000000.0,460000000.0,-1448000000.0,9000000.0,-1457000000.0,-1137000000.0,-1.48,0.3169,-0.158,-0.3414,-0.2681,-0.287,445000000.0,-670000000.0,-1.5,0.01,-1.9044,0.01,-1.5,-1457000000.0,2000000.0,-1554000000.0,0.1049,-0.07,LVS
2021-06-30 00:00:00,3830000000.0,2442000000.0,1388000000.0,58000000.0,984000000.0,-877000000.0,599000000.0,-609000000.0,593000000.0,-1486000000.0,41000000.0,-1527000000.0,-1334000000.0,-1.74,0.3624,-0.229,-0.388,-0.3483,-0.3569,240000000.0,-877000000.0,-1.54,-0.21,-2.2133,-0.21,-1.54,-1527000000.0,-164000000.0,-1691000000.0,0.0627,-0.0888,LVS
2021-03-31 00:00:00,2719000000.0,2019000000.0,700000000.0,27000000.0,952000000.0,-1495000000.0,534000000.0,-577000000.0,549000000.0,-2072000000.0,16000000.0,-2088000000.0,-1962000000.0,-2.56,0.2574,-0.5498,-0.762,-0.7216,-0.815,-396000000.0,-1495000000.0,-2.12,-0.45,-3.1858,-0.45,-2.12,-2088000000.0,-346000000.0,-2434000000.0,-0.1456,-0.3645,LVS
2020-12-31 00:00:00,2940000000.0,2119000000.0,821000000.0,,966000000.0,-1393000000.0,497000000.0,-483000000.0,523000000.0,-1876000000.0,24000000.0,-1900000000.0,-1685000000.0,-2.2,0.2793,-0.4738,-0.6381,-0.5731,-0.8221,-298000000.0,-1393000000.0,-1.89,-0.32,-2.805,-0.32,-1.89,-1900000000.0,-243000000.0,-2143000000.0,-0.1014,-0.4051,LVS
2020-09-30 00:00:00,3822000000.0,2491000000.0,1331000000.0,29000000.0,820000000.0,-673000000.0,492000000.0,-252000000.0,547000000.0,-925000000.0,25000000.0,-950000000.0,-757000000.0,-0.99,0.3482,-0.1761,-0.242,-0.1981,-0.3891,315000000.0,-673000000.0,-1.5252,,-1.294,,-1.5264,-950000000.0,,-984000000.0,0.0824,-0.0607,LVS
2020-06-30 00:00:00,6626000000.0,3702000000.0,2924000000.0,30000000.0,1014000000.0,749000000.0,,-264000000.0,550000000.0,485000000.0,102000000.0,383000000.0,341000000.0,0.44,0.4413,0.113,0.0732,0.0515,-0.0379,1768000000.0,749000000.0,-0.0052,,0.5328,,-0.0064,383000000.0,,416000000.0,0.2668,0.1435,LVS
2020-03-31 00:00:00,9898000000.0,5103000000.0,4795000000.0,25000000.0,1198000000.0,2400000000.0,,301000000.0,579000000.0,2701000000.0,369000000.0,2332000000.0,2115000000.0,2.75,0.4844,0.2425,0.2729,0.2137,0.0538,3461000000.0,2400000000.0,2.31,,3.2573,,2.3088,2332000000.0,,2509000000.0,0.3497,0.1611,LVS
2019-12-31 00:00:00,12127000000.0,6099000000.0,6028000000.0,24000000.0,1431000000.0,3365000000.0,,235000000.0,592000000.0,3600000000.0,432000000.0,3168000000.0,2698000000.0,3.5,0.4971,0.2775,0.2969,0.2225,0.1432,4466000000.0,3365000000.0,3.32,,4.2853,,3.32,3168000000.0,,3304000000.0,0.3683,0.2311,LVS
2019-09-30 00:00:00,13705000000.0,6907000000.0,6798000000.0,16000000.0,1833000000.0,3638000000.0,,28000000.0,559000000.0,3666000000.0,1185000000.0,2481000000.0,1899000000.0,2.46,0.496,0.2655,0.2675,0.1386,0.1437,4872000000.0,3638000000.0,3.2302,,3.2266,,3.2266,2481000000.0,,2481000000.0,0.3555,0.226,LVS
2019-06-30 00:00:00,13827000000.0,7027000000.0,6800000000.0,16000000.0,1831000000.0,3661000000.0,,36000000.0,548000000.0,3697000000.0,1186000000.0,2511000000.0,1937000000.0,2.5,0.4918,0.2648,0.2674,0.1401,0.1459,4889000000.0,3661000000.0,3.2484,,3.2459,,3.2459,2511000000.0,,2511000000.0,0.3536,0.2237,LVS
2019-03-31 00:00:00,13796000000.0,7044000000.0,6752000000.0,14000000.0,1805000000.0,3564000000.0,,-454000000.0,498000000.0,3110000000.0,1031000000.0,2079000000.0,1539000000.0,1.96,0.4894,0.2583,0.2254,0.1116,0.2311,4774000000.0,3564000000.0,2.6689,,2.6675,,2.6675,2079000000.0,,2079000000.0,0.346,0.2989,LVS
2018-12-31 00:00:00,13729000000.0,6974000000.0,6755000000.0,12000000.0,1685000000.0,3751000000.0,,-425000000.0,446000000.0,3326000000.0,375000000.0,2951000000.0,2413000000.0,3.06,0.492,0.2732,0.2423,0.1758,0.2747,4927000000.0,3751000000.0,3.7545,,3.7545,,3.7545,2951000000.0,,2951000000.0,0.3589,0.3424,LVS
2018-09-30 00:00:00,13645000000.0,6857000000.0,6788000000.0,14000000.0,1626000000.0,3905000000.0,,-389000000.0,395000000.0,3516000000.0,-836000000.0,4352000000.0,3795000000.0,4.81,0.4975,0.2862,0.2577,0.2781,0.2843,5055000000.0,3905000000.0,5.5107,,5.5135,,5.5135,4352000000.0,,4352000000.0,0.3705,0.346,LVS
2018-06-30 00:00:00,13434000000.0,6709000000.0,6725000000.0,13000000.0,1615000000.0,3838000000.0,,-347000000.0,352000000.0,3491000000.0,-846000000.0,4337000000.0,3793000000.0,4.8,0.5006,0.2857,0.2599,0.2823,0.3044,4972000000.0,3838000000.0,5.4861,,5.4889,,5.4889,4337000000.0,,4337000000.0,0.3701,0.3676,LVS
2018-03-31 00:00:00,13240000000.0,6532000000.0,6708000000.0,13000000.0,1610000000.0,3858000000.0,,-407000000.0,338000000.0,3451000000.0,-849000000.0,4300000000.0,3783000000.0,4.79,0.5066,0.2914,0.2606,0.2857,0.3114,5046000000.0,3858000000.0,5.4372,,5.4389,,5.4389,4300000000.0,,4300000000.0,0.3811,0.3759,LVS
2017-12-31 00:00:00,12728000000.0,6329000000.0,6399000000.0,13000000.0,1590000000.0,3464000000.0,,-410000000.0,327000000.0,3054000000.0,-209000000.0,3263000000.0,2808000000.0,3.54,0.5027,0.2722,0.2399,0.2206,0.2923,4710000000.0,3464000000.0,4.1199,,4.1199,,4.1199,3263000000.0,,3263000000.0,0.3701,0.3569,LVS
2017-09-30 00:00:00,12273000000.0,6078000000.0,6195000000.0,10000000.0,1591000000.0,3114000000.0,,-324000000.0,316000000.0,2790000000.0,272000000.0,2518000000.0,2114000000.0,2.65,0.5048,0.2537,0.2273,0.1722,0.2893,4421000000.0,3114000000.0,3.1735,,3.1749,,3.1749,2518000000.0,,2518000000.0,0.3602,0.3614,LVS
2017-06-30 00:00:00,12081000000.0,5952000000.0,6129000000.0,10000000.0,1550000000.0,2979000000.0,,-271000000.0,298000000.0,2708000000.0,268000000.0,2440000000.0,2058000000.0,2.58,0.5073,0.2466,0.2242,0.1704,0.2728,4300000000.0,2979000000.0,3.0722,,3.0725,,3.0725,2440000000.0,,2440000000.0,0.3559,0.3614,LVS
2017-03-31 00:00:00,11621000000.0,5777000000.0,5844000000.0,10000000.0,1578000000.0,2680000000.0,,-240000000.0,283000000.0,2440000000.0,245000000.0,2195000000.0,1840000000.0,2.3,0.5029,0.2306,0.21,0.1583,0.2542,3930000000.0,2680000000.0,2.761,,2.7613,,2.7613,2195000000.0,,2195000000.0,0.3382,0.3621,LVS
2016-12-31 00:00:00,11271000000.0,5686000000.0,5585000000.0,9000000.0,1543000000.0,2502000000.0,,-238000000.0,274000000.0,2264000000.0,239000000.0,2025000000.0,1679000000.0,2.1,0.4955,0.222,0.2009,0.149,0.231,3691000000.0,2502000000.0,2.5472,,2.5472,,2.5472,2025000000.0,,2025000000.0,0.3275,0.3588,LVS
2016-09-30 00:00:00,11196273000.0,5734154000.0,5462119000.0,9972000.0,1500527000.0,2525505400.0,,-292169000.0,263982000.0,2233337000.0,249059000.0,1984278000.0,1626546100.0,2.05,0.4879,0.2256,0.1995,0.1453,0.2044,3645337400.0,2525505600.0,2.494,,2.4959,,2.4959,1984278000.0,,1984277900.0,0.3256,0.3438,LVS
2016-06-30 00:00:00,11120956000.0,5785488000.0,5335468000.0,10119000.0,1483132000.0,2544574500.0,,-295698000.0,265944000.0,2248877000.0,252406000.0,1996471000.0,1632904100.0,2.05,0.4798,0.2288,0.2022,0.1468,0.1895,3634966400.0,2544574700.0,2.5071,,2.5097,,2.5097,1996471000.0,,1996470900.0,0.3269,0.3295,LVS
2016-03-31 00:00:00,11393377000.0,5993739000.0,5399638000.0,10467000.0,1419299000.0,2715884600.0,,-288588000.0,267745000.0,2427297000.0,243335000.0,2183962000.0,1774077100.0,2.23,0.4739,0.2384,0.213,0.1557,0.1775,3800465500.0,2715884800.0,2.7397,,2.743,,2.743,2183962000.0,,2183961900.0,0.3336,0.3093,LVS
2015-12-31 00:00:00,11687999000.0,6117000000.0,5570999000.0,10000000.0,1443000000.0,2840999800.0,,-219000000.0,265000000.0,2622000000.0,236000000.0,2386000000.0,1966000100.0,2.47,0.4766,0.2431,0.2243,0.1682,0.1653,3918999700.0,2841000000.0,2.9901,,2.9937,,2.9937,2386000000.0,,2385999900.0,0.3353,0.2959,LVS
2015-09-30 00:00:00,12242870000.0,6424540000.0,5818330000.0,12076000.0,1370436900.0,3161788400.0,,-208135000.0,265523000.0,2953653100.0,265002000.0,2688651000.0,2222129800.0,2.78,0.4752,0.2583,0.2413,0.1815,0.1763,4246520300.0,3161788400.0,3.3668,,3.3708,,3.3708,2688651000.0,,2688651000.0,0.3469,0.2986,LVS
2015-06-30 00:00:00,12882309000.0,6809081000.0,6073228000.0,11972000.0,1403036900.0,3394140400.0,,-222659000.0,265340000.0,3171481100.0,240524000.0,2930957000.0,2374476800.0,2.97,0.4714,0.2635,0.2462,0.1843,0.2024,4484384300.0,3394140400.0,3.6606,,3.6662,,3.6662,2930957000.0,,2930957000.0,0.3481,0.3123,LVS
2015-03-31 00:00:00,13585238000.0,7189386000.0,6395852000.0,13841000.0,1415524900.0,3666290300.0,,-222468000.0,269129000.0,3443822100.0,241512000.0,3202310000.0,2576737800.0,3.21,0.4708,0.2699,0.2535,0.1897,0.2313,4774310200.0,3666290300.0,3.9863,,3.9941,,3.9941,3202310000.0,,3202310000.0,0.3514,0.3264,LVS
2014-12-31 00:00:00,14584000000.0,7746000000.0,6838000000.0,14000000.0,1432999900.0,4099000100.0,,-266000000.0,274000000.0,3833000100.0,245000000.0,3588000000.0,2840999800.0,3.52,0.4689,0.2811,0.2628,0.1948,0.2507,5218000000.0,4099000100.0,4.4406,,4.4516,,4.4516,3588000000.0,,3588000000.0,0.3578,0.3314,LVS
2014-09-30 00:00:00,14823541000.0,8009956000.0,6813585000.0,9921000.0,1542942000.0,3962779100.0,,-289142000.0,274581000.0,3673636800.0,193835000.0,3479802000.0,2696863000.0,3.33,0.4596,0.2673,0.2478,0.1819,0.2589,5084147000.0,3962779300.0,4.2773,,4.2916,,4.2916,3479802000.0,,3479802000.0,0.343,0.3303,LVS
2014-06-30 00:00:00,14858959000.0,8038140000.0,6820819000.0,10365000.0,1578070000.0,3906183900.0,,-285980000.0,274719000.0,3620203800.0,191603000.0,3428601000.0,2651902000.0,3.25,0.459,0.2629,0.2436,0.1785,0.2562,5026567000.0,3906184100.0,4.1867,,4.2032,,4.2032,3428601000.0,,3428601000.0,0.3383,0.3234,LVS
2014-03-31 00:00:00,14477550000.0,7868525000.0,6609025000.0,12150000.0,1559765000.0,3725365000.0,,-285528000.0,273505000.0,3439836800.0,192407000.0,3247430000.0,2510221000.0,3.06,0.4565,0.2573,0.2376,0.1734,0.2601,4833759000.0,3725365200.0,3.9441,,3.9616,,3.9616,3247430000.0,,3247430000.0,0.3339,0.3237,LVS
2013-12-31 00:00:00,13769885000.0,7516457000.0,6253428000.0,15809000.0,1519275000.0,3408242900.0,,-264731000.0,271211000.0,3143511800.0,188836000.0,2954676000.0,2305997000.0,2.8,0.4541,0.2475,0.2283,0.1675,0.2562,4507911000.0,3408243100.0,3.5757,,3.5933,,3.5933,2954676000.0,,2954676000.0,0.3274,0.3224,LVS
2013-09-30 00:00:00,13191202000.0,7183421000.0,6007782000.0,22602000.0,1480583100.0,3194174100.0,,-243791000.0,271192000.0,2950383800.0,194096000.0,2756288000.0,2163240000.0,2.62,0.4554,0.2421,0.2237,0.164,0.2286,4289219200.0,3194173800.0,3.33,,3.3349,,3.3349,2756288000.0,,2756288000.0,0.3252,0.3067,LVS
2013-06-30 00:00:00,12332144000.0,6769716000.0,5562429000.0,23316000.0,1384699100.0,2813442900.0,,-239664000.0,266567000.0,2573779800.0,181810000.0,2391970000.0,1886278000.0,2.29,0.4511,0.2281,0.2087,0.153,0.2038,3885527900.0,2813442600.0,2.8904,,2.8935,,2.8935,2391970000.0,,2391970000.0,0.3151,0.2971,LVS
2013-03-31 00:00:00,11671109000.0,6422920000.0,5248190000.0,24111000.0,1347979100.0,2430530100.0,,-250679000.0,262724000.0,2179851800.0,173174000.0,2006678000.0,1597112000.0,1.94,0.4497,0.2083,0.1868,0.1368,0.174,3468894200.0,2430529800.0,2.4258,,2.4271,,2.4271,2006678000.0,,2006678000.0,0.2972,0.2807,LVS
2012-12-31 00:00:00,11131132000.0,6069576000.0,5061557000.0,19958000.0,1268965100.0,2311381200.0,,-248806000.0,258564000.0,2062575800.0,180763000.0,1881813000.0,1524093000.0,1.91,0.4547,0.2077,0.1853,0.1369,0.1448,3289124200.0,2311380900.0,2.2823,,2.3336,,2.3336,1881813000.0,,1881813000.0,0.2955,0.2747,LVS
