Date,Revenue,Cost of Revenue,Gross Profit,SG&A Expenses,Operating Income,Interest Expense (Operating),Non-operating Income/Expense,Non-operating Interest Expenses,EBT,Income Tax Provision,Income after Tax,Share of Subsidiary Earnings,Net Income Common,EPS (Basic),Gross Margin,EBIT Margin,EBT margin,Net Profit Margin,Free Cash Flow Margin,EBITDA,EBIT,"EPS (Diluted, from Cont. Ops)","EPS (Basic, Consolidated)","EPS (Basic, from Continuous Ops)",Income from Continuous Operations,Consolidated Net Income/Loss,EBITDA Margin,Operating Cash Flow Margin,Ticker
2022-08-31 00:00:00,4241000000.0,3286000000.0,954000000.0,412800000.0,541199800.0,159000000.0,-159100000.0,159100000.0,382000000.0,137000000.0,245300000.0,157700000.0,404000000.0,2.77,0.2249,0.1276,0.0901,0.0953,0.0235,732000000.0,541199900.0,2.7777,2.7875,2.7875,403000000.0,404000000.0,0.1726,0.1057,LW
2022-05-31 00:00:00,4099000000.0,3267000000.0,832000000.0,387500000.0,444399800.0,161000000.0,-161000000.0,161000000.0,283000000.0,72000000.0,211600000.0,-10700000.0,202000000.0,1.37,0.203,0.1084,0.069,0.0493,0.0273,632000000.0,444399900.0,1.3769,1.3808,1.3808,200900000.0,202000000.0,0.1542,0.102,LW
2022-02-28 00:00:00,3953500000.0,3177499800.0,776000100.0,368400000.0,407300000.0,165000000.0,-164800000.0,164800000.0,242200000.0,64300000.0,178800000.0,55600000.0,235500000.0,1.6,0.1963,0.103,0.0613,0.0596,0.0174,591400000.0,407300000.0,1.6032,1.6087,1.6087,234400000.0,235500000.0,0.1496,0.0891,LW
2021-11-30 00:00:00,3894300000.0,3142599800.0,751700100.0,377300000.0,374100000.0,168000000.0,-168300000.0,168300000.0,205500000.0,49600000.0,156900000.0,37000000.0,194600000.0,1.32,0.193,0.0961,0.0528,0.05,0.0473,559600000.0,374100000.0,1.3196,1.3252,1.3252,193900000.0,194600000.0,0.1437,0.1135,LW
2021-08-31 00:00:00,3783400000.0,3014199800.0,769200100.0,370100000.0,399300000.0,116000000.0,-115900000.0,115900000.0,283100000.0,71500000.0,212200000.0,46100000.0,258500000.0,1.76,0.2033,0.1055,0.0748,0.0683,0.0675,586000000.0,399300000.0,1.7562,1.764,1.764,258300000.0,258500000.0,0.1549,0.1227,LW
2021-05-31 00:00:00,3670900000.0,2838899800.0,832000100.0,357200000.0,474800000.0,118000000.0,-118300000.0,118300000.0,356500000.0,90500000.0,266000000.0,51800000.0,317800000.0,2.17,0.2266,0.1293,0.0971,0.0866,0.1062,662600000.0,474800000.0,2.1604,2.1707,2.1707,317800000.0,317800000.0,0.1805,0.1507,LW
2021-02-28 00:00:00,3510299900.0,2765199800.0,745100100.0,338300000.0,406799900.0,118000000.0,-118800000.0,118800000.0,288000000.0,73400000.0,214600000.0,36100000.0,250700000.0,1.71,0.2123,0.1159,0.082,0.0714,0.0997,593899900.0,406799900.0,1.7039,1.7121,1.7121,250699900.0,250700000.0,0.1692,0.1462,LW
2020-11-30 00:00:00,3551799900.0,2752999800.0,798800100.0,330100000.0,468699800.0,114200000.0,-114700000.0,114700000.0,354000000.0,92800000.0,261200000.0,34800000.0,296000000.0,2.02,0.2249,0.132,0.0997,0.0833,0.1106,653999800.0,468699800.0,2.0117,2.0229,2.0229,295999900.0,296000000.0,0.1841,0.1541,LW
2020-08-31 00:00:00,3674899900.0,2814499800.0,860400100.0,337800000.0,522599900.0,,-110100000.0,110100000.0,412500000.0,103600000.0,308900000.0,30600000.0,339500000.0,2.32,0.2341,0.1422,0.1122,0.0924,0.1074,705799900.0,522599900.0,2.3075,2.3218,2.3218,339499900.0,339500000.0,0.1921,0.1595,LW
2020-05-31 00:00:00,3792399900.0,2897199800.0,895200100.0,338300000.0,556899900.0,,-108000000.0,108000000.0,448900000.0,112300000.0,336600000.0,29300000.0,365900000.0,2.5,0.2361,0.1468,0.1184,0.0965,0.0964,739199900.0,556899900.0,2.4875,2.5028,2.5028,365899900.0,365900000.0,0.1949,0.1514,LW
2020-02-29 00:00:00,3948900000.0,2914300100.0,1034599800.0,360600000.0,673999800.0,,-105900000.0,105900000.0,568100000.0,140800000.0,427300000.0,50600000.0,488800000.0,3.27,0.262,0.1707,0.1439,0.1238,0.109,856399800.0,673999900.0,3.2486,3.2685,3.2685,477900000.0,477900000.0,0.2169,0.1702,LW
2019-11-30 00:00:00,3938400000.0,2880800100.0,1057599800.0,352300000.0,705299900.0,,-107700000.0,107700000.0,597600000.0,144700000.0,452900000.0,55000000.0,518800000.0,3.47,0.2685,0.1791,0.1517,0.1317,0.1106,882199900.0,705300000.0,3.4511,3.471,3.471,507900000.0,507900000.0,0.224,0.1801,LW
2019-08-31 00:00:00,3830600000.0,2809100100.0,1021499800.0,335700000.0,685799800.0,,-108500000.0,108500000.0,577300000.0,136000000.0,441300000.0,50200000.0,487400000.0,3.25,0.2667,0.179,0.1507,0.1272,0.1022,855599800.0,685799900.0,3.3378,3.3565,3.3565,491500000.0,491500000.0,0.2234,0.1805,LW
2019-05-31 00:00:00,3756500000.0,2753000100.0,1003499800.0,335100000.0,668399800.0,,-107100000.0,107100000.0,561300000.0,133600000.0,427700000.0,59500000.0,478600000.0,3.19,0.2671,0.1779,0.1494,0.1274,0.0916,830799800.0,668399900.0,3.3075,3.3255,3.3255,487200000.0,487200000.0,0.2212,0.1813,LW
2019-02-28 00:00:00,3671299800.0,2685599900.0,985699900.0,331800000.0,653900000.0,,-107700000.0,107700000.0,546200000.0,136000000.0,410200000.0,69400000.0,458200000.0,3.11,0.2685,0.1781,0.1488,0.1248,0.0724,810600000.0,653900100.0,3.2562,3.273,3.273,479600000.0,479600000.0,0.2208,0.1676,LW
2018-11-30 00:00:00,3607899800.0,2653299900.0,954599900.0,325300000.0,629300100.0,,-109200000.0,109200000.0,520100000.0,103900000.0,416200000.0,81600000.0,472700000.0,3.22,0.2646,0.1744,0.1442,0.131,0.0811,783200100.0,629300200.0,3.3819,3.3994,3.3994,497800000.0,497800000.0,0.2171,0.1707,LW
2018-08-31 00:00:00,3521099800.0,2607299900.0,913799900.0,318700000.0,595100000.0,,-110400000.0,110400000.0,484700000.0,111400000.0,373300000.0,83500000.0,440300000.0,3.0,0.2595,0.169,0.1377,0.125,0.0784,746000000.0,595100100.0,3.1057,3.1209,3.1209,456800000.0,456800000.0,0.2119,0.1606,LW
2018-05-31 00:00:00,3423699800.0,2544199900.0,879499900.0,299400000.0,580100000.0,,-108800000.0,108800000.0,471300000.0,121200000.0,350100000.0,83600000.0,416800000.0,2.83,0.2569,0.1694,0.1377,0.1217,0.0509,723400000.0,580100100.0,2.9504,2.9645,2.9645,433700000.0,433700000.0,0.2113,0.1405,LW
2018-02-28 00:00:00,3338000100.0,2498899900.0,839100200.0,269900000.0,569200100.0,,-107700000.0,107700000.0,461500000.0,134400000.0,327100000.0,82300000.0,389700000.0,2.67,0.2514,0.1705,0.1383,0.1167,0.064,702800100.0,569200000.0,2.7834,2.7991,2.7991,409400000.0,409400000.0,0.2105,0.1507,LW
2017-11-30 00:00:00,3243100100.0,2439299900.0,803800200.0,258600000.0,545200000.0,,-105500000.0,105500000.0,439700000.0,170900000.0,268800000.0,68600000.0,318000000.0,2.17,0.2478,0.1681,0.1356,0.0981,0.0466,668800000.0,545199900.0,2.2964,2.3078,2.3078,337400000.0,337400000.0,0.2062,0.1439,LW
2017-08-31 00:00:00,3209200100.0,2414699900.0,794500200.0,263600000.0,530900100.0,,-84900000.0,84900000.0,446000000.0,163300000.0,282700000.0,62700000.0,328600000.0,2.24,0.2476,0.1654,0.139,0.1024,0.0442,645500100.0,530900000.0,2.3534,2.3638,2.3638,345400000.0,345400000.0,0.2011,0.1481,LW
2017-05-31 00:00:00,3168000100.0,2389199900.0,778800200.0,260500000.0,518300100.0,,-61200000.0,61200000.0,457100000.0,170200000.0,286900000.0,53300000.0,324800000.0,,0.2458,0.1636,0.1443,0.1025,0.0503,627400100.0,518300000.0,2.3207,2.3286,2.3286,340200000.0,340200000.0,0.198,0.1411,LW
2017-02-28 00:00:00,3064200000.0,2295800000.0,768400000.0,245400000.0,523000000.0,,-36100000.0,36100000.0,486900000.0,182100000.0,304800000.0,65600000.0,354900000.0,,0.2508,0.1707,0.1589,0.1158,0.0561,626200100.0,523000000.0,2.5333,2.5362,2.5362,370400000.0,370400000.0,0.2044,0.1355,LW
2016-11-30 00:00:00,3036000000.0,2312800000.0,723200000.0,235900000.0,487300000.0,,-11300000.0,11300000.0,476000000.0,176800000.0,299200000.0,60600000.0,343600000.0,,0.2382,0.1605,0.1568,0.1132,0.0544,563000100.0,487300000.0,2.4627,2.464,2.464,359800000.0,359800000.0,0.1854,0.1225,LW
2016-08-31 00:00:00,,,,,,,,,,,,,,,,,,,0.0,,,,,,,,,0.0,LW
2016-05-31 00:00:00,,,,,,,,,,,,,,,,,,,0.0,,,,,,,,,0.0,LW
2016-02-29 00:00:00,,,,,,,,,,,,,,,,,,,0.0,,,,,,,,,0.0,LW
