Date,Revenue,Cost of Revenue,Gross Profit,R&D Expenses,SG&A Expenses,Operating Income,Interest Expense (Operating),Non-operating Income/Expense,Non-operating Interest Expenses,EBT,Income Tax Provision,Income after Tax,Net Income Common,EPS (Basic),Gross Margin,EBIT Margin,EBT margin,Net Profit Margin,Free Cash Flow Margin,EBITDA,EBIT,"EPS (Diluted, from Cont. Ops)","EPS (Diluted, from Disc. Ops)","EPS (Basic, Consolidated)","EPS (Basic, from Discontinued Ops)","EPS (Basic, from Continuous Ops)",Income from Continuous Operations,Income from Discontinued Operations,Consolidated Net Income/Loss,EBITDA Margin,Operating Cash Flow Margin,Ticker
2022-09-30 00:00:00,53075000000.0,45425000000.0,7650000000.0,128000000.0,1304000000.0,5525000000.0,,-272000000.0,355000000.0,5253000000.0,983000000.0,4270000000.0,4255000000.0,12.91,0.1441,0.1041,0.099,0.0802,0.1019,6860000000.0,5525000000.0,12.94,-0.0201,12.9649,-0.0201,12.97,4270000000.0,-8000000.0,4262000000.0,0.1293,0.1413,LYB
2022-06-30 00:00:00,53525000000.0,44446000000.0,9079000000.0,127000000.0,1298000000.0,6961000000.0,,-220000000.0,411000000.0,6741000000.0,1281000000.0,5460000000.0,5445000000.0,16.41,0.1696,0.1301,0.1259,0.1017,0.1126,8334000000.0,6961000000.0,16.44,-0.02,16.4857,-0.02,16.47,5460000000.0,-8000000.0,5452000000.0,0.1557,0.1531,LYB
2022-03-31 00:00:00,50248000000.0,40855000000.0,9393000000.0,127000000.0,1296000000.0,7346000000.0,776000000.0,-65000000.0,483000000.0,7281000000.0,1409000000.0,5872000000.0,5860000000.0,17.56,0.1869,0.1462,0.1449,0.1166,0.128,8749000000.0,7346000000.0,17.58,-0.01,17.6382,-0.01,17.6,5872000000.0,-5000000.0,5867000000.0,0.1741,0.1691,LYB
2021-12-31 00:00:00,46173000000.0,37397000000.0,8776000000.0,124000000.0,1255000000.0,6773000000.0,759000000.0,13000000.0,519000000.0,6786000000.0,1163000000.0,5623000000.0,5610000000.0,16.74,0.1901,0.1467,0.147,0.1215,0.1214,8201000000.0,6773000000.0,16.77,-0.02,16.8174,-0.02,16.79,5623000000.0,-6000000.0,5617000000.0,0.1776,0.1638,LYB
2021-09-30 00:00:00,41280000000.0,33175000000.0,8105000000.0,125000000.0,1225000000.0,6755000000.0,561000000.0,61000000.0,556000000.0,6816000000.0,1067000000.0,5749000000.0,5739000000.0,17.11,0.1963,0.1636,0.1651,0.139,0.0912,8130000000.0,6755000000.0,17.12,-0.016,17.2036,-0.016,17.14,5749000000.0,-3000000.0,5746000000.0,0.1969,0.129,LYB
2021-06-30 00:00:00,35356000000.0,28951000000.0,6405000000.0,122000000.0,1171000000.0,4530000000.0,712000000.0,60000000.0,552000000.0,4590000000.0,490000000.0,4100000000.0,4091000000.0,12.19,0.1812,0.1281,0.1298,0.1157,0.0728,5909000000.0,4530000000.0,12.2,-0.013,12.2695,-0.013,12.22,4100000000.0,-2000000.0,4098000000.0,0.1671,0.1144,LYB
2021-03-31 00:00:00,29341000000.0,25169000000.0,4172000000.0,115000000.0,1132000000.0,2343000000.0,723000000.0,-33000000.0,547000000.0,2310000000.0,-48000000.0,2358000000.0,2346000000.0,7.0,0.1422,0.0799,0.0787,0.08,0.0616,3743000000.0,2343000000.0,7.02,-0.023,7.0449,-0.023,7.03,2358000000.0,-5000000.0,2353000000.0,0.1276,0.117,LYB
2020-12-31 00:00:00,27753000000.0,24359000000.0,3394000000.0,113000000.0,1140000000.0,1559000000.0,838000000.0,-173000000.0,526000000.0,1386000000.0,-43000000.0,1429000000.0,1420000000.0,4.24,0.1223,0.0562,0.0499,0.0512,0.0525,2965000000.0,1559000000.0,4.25,-0.013,4.2724,-0.013,4.25,1429000000.0,-2000000.0,1427000000.0,0.1068,0.1227,LYB
2020-09-30 00:00:00,27995000000.0,24691000000.0,3304000000.0,109000000.0,1149000000.0,1464000000.0,695000000.0,-222000000.0,424000000.0,1242000000.0,58000000.0,1184000000.0,1177000000.0,3.52,0.118,0.0523,0.0444,0.042,0.0535,2871000000.0,1464000000.0,3.53,-0.01,3.5652,-0.01,3.54,1184000000.0,-4000000.0,1184000000.0,0.1026,0.1394,LYB
2020-06-30 00:00:00,29941000000.0,26075000000.0,3866000000.0,108000000.0,1193000000.0,2565000000.0,,-207000000.0,388000000.0,2358000000.0,319000000.0,2039000000.0,2028000000.0,6.04,0.1291,0.0857,0.0788,0.0677,0.0745,3939000000.0,2565000000.0,6.06,-0.02,6.0874,-0.02,6.07,2039000000.0,-7000000.0,2035000000.0,0.1316,0.1654,LYB
2020-03-31 00:00:00,33443000000.0,28723000000.0,4720000000.0,110000000.0,1207000000.0,3403000000.0,,-153000000.0,344000000.0,3250000000.0,520000000.0,2730000000.0,2717000000.0,7.8,0.1411,0.1018,0.0972,0.0812,0.0625,4749000000.0,3403000000.0,7.83,-0.0374,7.8581,-0.0374,7.84,2730000000.0,-11000000.0,2724000000.0,0.142,0.1449,LYB
2019-12-31 00:00:00,34727000000.0,29301000000.0,5426000000.0,111000000.0,1199000000.0,4116000000.0,,-64000000.0,347000000.0,4052000000.0,648000000.0,3404000000.0,3390000000.0,9.57,0.1562,0.1185,0.1167,0.0976,0.0653,5439000000.0,4116000000.0,9.6,,9.6232,,9.61,3404000000.0,,3397000000.0,0.1566,0.1429,LYB
2019-09-30 00:00:00,35424000000.0,29985000000.0,5439000000.0,109000000.0,1218000000.0,4112000000.0,,-16000000.0,347000000.0,4096000000.0,607000000.0,3489000000.0,3470000000.0,9.53,0.1535,0.1161,0.1156,0.098,0.0665,5432000000.0,4112000000.0,9.6035,-0.0374,9.6113,-0.0374,9.6056,3489000000.0,-14000000.0,3477000000.0,0.1533,0.1416,LYB
2019-06-30 00:00:00,36857000000.0,31215000000.0,5642000000.0,113000000.0,1224000000.0,4305000000.0,,33000000.0,351000000.0,4338000000.0,703000000.0,3635000000.0,3620000000.0,9.53,0.1531,0.1168,0.1177,0.0982,0.0591,5608000000.0,4305000000.0,9.5935,-0.03,9.609,-0.03,9.6056,3635000000.0,-11000000.0,3625000000.0,0.1522,0.1243,LYB
2019-03-31 00:00:00,38015000000.0,31963000000.0,6052000000.0,115000000.0,1183000000.0,4754000000.0,,43000000.0,361000000.0,4797000000.0,513000000.0,4284000000.0,4272000000.0,11.05,0.1592,0.1251,0.1262,0.1124,0.0749,6029000000.0,4754000000.0,11.1035,,11.1284,,11.1256,4284000000.0,,4276000000.0,0.1586,0.1347,LYB
2018-12-31 00:00:00,39004000000.0,32529000000.0,6475000000.0,115000000.0,1129000000.0,5231000000.0,,80000000.0,360000000.0,5311000000.0,613000000.0,4698000000.0,4688000000.0,11.97,0.166,0.1341,0.1362,0.1202,0.0863,6486000000.0,5231000000.0,12.03,-0.04,12.0566,-0.04,12.06,4698000000.0,-12000000.0,4690000000.0,0.1663,0.1403,LYB
2018-09-30 00:00:00,39263000000.0,32329000000.0,6934000000.0,116000000.0,1040000000.0,5778000000.0,,79000000.0,367000000.0,5857000000.0,-42000000.0,5899000000.0,5892000000.0,14.97,0.1766,0.1472,0.1492,0.1501,0.098,6998000000.0,5778000000.0,14.9765,-0.0226,15.0005,-0.0226,14.9944,5899000000.0,-9000000.0,5892000000.0,0.1782,0.1441,LYB
2018-06-30 00:00:00,37624000000.0,30769000000.0,6855000000.0,113000000.0,949000000.0,5793000000.0,,155000000.0,371000000.0,5948000000.0,106000000.0,5842000000.0,5836000000.0,14.79,0.1822,0.154,0.1581,0.1551,0.1078,6998000000.0,5793000000.0,14.7965,-0.0326,14.8127,-0.0326,14.8044,5842000000.0,-11000000.0,5835000000.0,0.186,0.1515,LYB
2018-03-31 00:00:00,35821000000.0,29080000000.0,6741000000.0,109000000.0,888000000.0,5744000000.0,,163000000.0,375000000.0,5907000000.0,586000000.0,5321000000.0,5313000000.0,13.38,0.1882,0.1604,0.1649,0.1483,0.1111,6936000000.0,5744000000.0,13.3965,,13.4005,,13.4044,5321000000.0,,5311000000.0,0.1936,0.1545,LYB
2017-12-31 00:00:00,34484000000.0,28059000000.0,6425000000.0,106000000.0,859000000.0,5460000000.0,,33000000.0,491000000.0,5493000000.0,598000000.0,4895000000.0,4879000000.0,12.25,0.1863,0.1583,0.1593,0.1415,0.1061,6649000000.0,5460000000.0,12.28,-0.05,12.2538,-0.05,12.28,4895000000.0,-18000000.0,4877000000.0,0.1928,0.151,LYB
2017-09-30 00:00:00,33096000000.0,26951000000.0,6145000000.0,103000000.0,875000000.0,5167000000.0,,36000000.0,481000000.0,5203000000.0,1436000000.0,3767000000.0,3748000000.0,9.33,0.1857,0.1561,0.1572,0.1132,0.1125,6332000000.0,5167000000.0,9.4,-0.04,9.3672,-0.04,9.41,3767000000.0,-21000000.0,3746000000.0,0.1913,0.1643,LYB
2017-06-30 00:00:00,31945000000.0,25915000000.0,6030000000.0,101000000.0,845000000.0,5084000000.0,,-38000000.0,459000000.0,5046000000.0,1382000000.0,3664000000.0,3643000000.0,8.96,0.1888,0.1591,0.158,0.114,0.1034,6211000000.0,5084000000.0,9.04,-0.05,9.0013,-0.05,9.05,3664000000.0,-21000000.0,3643000000.0,0.1944,0.1654,LYB
2017-03-31 00:00:00,30870000000.0,25016000000.0,5854000000.0,100000000.0,844000000.0,4910000000.0,,-19000000.0,447000000.0,4891000000.0,1269000000.0,3622000000.0,3603000000.0,8.71,0.1896,0.1591,0.1584,0.1167,0.0922,6018000000.0,4910000000.0,8.78,-0.04,8.7564,-0.04,8.79,3622000000.0,-18000000.0,3604000000.0,0.1949,0.1615,LYB
2016-12-31 00:00:00,29183000000.0,23191000000.0,5992000000.0,99000000.0,833000000.0,5060000000.0,,173000000.0,322000000.0,5233000000.0,1386000000.0,3847000000.0,3836000000.0,9.1,0.2053,0.1734,0.1793,0.1314,0.1152,6140000000.0,5060000000.0,9.15,-0.02,9.1575,-0.02,9.17,3847000000.0,-10000000.0,3837000000.0,0.2104,0.1921,LYB
2016-09-30 00:00:00,28507000000.0,22563000000.0,5944000000.0,99000000.0,781000000.0,5064000000.0,,176000000.0,314000000.0,5240000000.0,1366000000.0,3874000000.0,3868000000.0,9.01,0.2085,0.1776,0.1838,0.1357,0.1015,6136000000.0,5064000000.0,9.06,-0.02,9.0681,-0.02,9.08,3874000000.0,-5000000.0,3869000000.0,0.2152,0.1773,LYB
2016-06-30 00:00:00,29476000000.0,23125000000.0,6351000000.0,99000000.0,787000000.0,5465000000.0,,170000000.0,327000000.0,5635000000.0,1527000000.0,4108000000.0,4101000000.0,9.25,0.2155,0.1854,0.1912,0.1391,0.1202,6529000000.0,5465000000.0,9.3,0.0,9.3277,0.0,9.34,4108000000.0,-6000000.0,4102000000.0,0.2215,0.1862,LYB
2016-03-31 00:00:00,31293000000.0,24470000000.0,6823000000.0,100000000.0,816000000.0,5907000000.0,,157000000.0,323000000.0,6064000000.0,1722000000.0,4342000000.0,4340000000.0,9.51,0.218,0.1888,0.1938,0.1387,0.1282,6951000000.0,5907000000.0,9.55,-0.01,9.5703,-0.01,9.58,4342000000.0,-2000000.0,4340000000.0,0.2221,0.1813,LYB
2015-12-31 00:00:00,32735000000.0,25683000000.0,7052000000.0,102000000.0,828000000.0,6122000000.0,,87000000.0,310000000.0,6209000000.0,1730000000.0,4479000000.0,4476000000.0,9.55,0.2154,0.187,0.1897,0.1367,0.1345,7185000000.0,6122000000.0,9.6,,9.6216,,9.63,4479000000.0,-5000000.0,4474000000.0,0.2195,0.1785,LYB
2015-09-30 00:00:00,35954000000.0,28880000000.0,7074000000.0,106000000.0,821000000.0,6147000000.0,,97000000.0,305000000.0,6244000000.0,1766000000.0,4478000000.0,4476000000.0,9.31,0.1968,0.171,0.1737,0.1245,0.1485,7192000000.0,6147000000.0,9.38,-0.0218,9.4058,-0.0218,9.41,4478000000.0,-8000000.0,4470000000.0,0.2,0.1863,LYB
2015-06-30 00:00:00,39686000000.0,32533000000.0,7153000000.0,112000000.0,838000000.0,6203000000.0,,59000000.0,312000000.0,6262000000.0,1713000000.0,4549000000.0,4549000000.0,9.22,0.1802,0.1563,0.1578,0.1146,0.127,7262000000.0,6203000000.0,9.29,-0.0218,9.3082,-0.0218,9.31,4549000000.0,-8000000.0,4541000000.0,0.183,0.1604,LYB
2015-03-31 00:00:00,42658000000.0,35741000000.0,6917000000.0,121000000.0,825000000.0,5971000000.0,,22000000.0,329000000.0,5993000000.0,1597000000.0,4396000000.0,4397000000.0,8.63,0.1622,0.14,0.1405,0.1031,0.1231,7036000000.0,5971000000.0,8.7,-0.0218,8.7411,-0.0218,8.74,4396000000.0,-8000000.0,4388000000.0,0.1649,0.1574,LYB
2014-12-31 00:00:00,45608000000.0,38939000000.0,6669000000.0,127000000.0,806000000.0,5736000000.0,,-24000000.0,352000000.0,5712000000.0,1540000000.0,4172000000.0,4174000000.0,7.94,0.1462,0.1258,0.1252,0.0915,0.0997,6775000000.0,5736000000.0,8.0,-0.01,8.0463,-0.01,8.04,4172000000.0,-4000000.0,4168000000.0,0.1485,0.1326,LYB
2014-09-30 00:00:00,46456000000.0,39551000000.0,6905000000.0,141000000.0,841000000.0,5923000000.0,,-98000000.0,367000000.0,5825000000.0,1272000000.0,4553000000.0,4553000000.0,8.51,0.1486,0.1275,0.1254,0.098,0.0915,6968000000.0,5923000000.0,8.49,-0.0082,8.5663,-0.0082,8.55,4553000000.0,-1000000.0,4552000000.0,0.15,0.1228,LYB
2014-06-30 00:00:00,45542000000.0,39123000000.0,6419000000.0,145000000.0,850000000.0,5424000000.0,,-100000000.0,356000000.0,5324000000.0,1177000000.0,4147000000.0,4148000000.0,7.56,0.1409,0.1191,0.1169,0.0911,0.0845,6470000000.0,5424000000.0,7.54,0.0118,7.6083,0.0118,7.6,4147000000.0,-1000000.0,4146000000.0,0.1421,0.1183,LYB
2014-03-31 00:00:00,44528000000.0,38364000000.0,6164000000.0,146000000.0,843000000.0,5175000000.0,,-116000000.0,330000000.0,5059000000.0,1162000000.0,3897000000.0,3899000000.0,6.94,0.1384,0.1162,0.1136,0.0876,0.0746,6223000000.0,5175000000.0,6.92,-0.0082,6.9747,-0.0082,6.97,3897000000.0,0.0,3897000000.0,0.1398,0.1086,LYB
2013-12-31 00:00:00,44062000000.0,37940000000.0,6122000000.0,150000000.0,870000000.0,5102000000.0,,-106000000.0,309000000.0,4996000000.0,1136000000.0,3860000000.0,3857000000.0,6.77,0.1389,0.1158,0.1134,0.0875,0.0743,6144000000.0,5102000000.0,6.76,,6.8073,,6.81,3860000000.0,-7000000.0,3853000000.0,0.1394,0.1097,LYB
2013-09-30 00:00:00,44021000000.0,38171000000.0,5850000000.0,163000000.0,890000000.0,4797000000.0,,-78000000.0,296000000.0,4719000000.0,1391000000.0,3328000000.0,3312000000.0,5.75,0.1329,0.109,0.1072,0.0752,0.0671,5854000000.0,4797000000.0,5.8,-0.05,5.7798,-0.05,5.86,3328000000.0,-27000000.0,3301000000.0,0.133,0.102,LYB
2013-06-30 00:00:00,44142000000.0,38151000000.0,5991000000.0,167000000.0,906000000.0,4918000000.0,,-106000000.0,286000000.0,4812000000.0,1487000000.0,3325000000.0,3305000000.0,5.71,0.1357,0.1114,0.109,0.0749,0.0915,5950000000.0,4918000000.0,5.76,-0.05,5.7412,-0.05,5.82,3325000000.0,-31000000.0,3294000000.0,0.1348,0.1227,LYB
2013-03-31 00:00:00,44287000000.0,38216000000.0,6071000000.0,169000000.0,899000000.0,5003000000.0,,-450000000.0,627000000.0,4553000000.0,1383000000.0,3170000000.0,3146000000.0,5.43,0.1371,0.113,0.1028,0.071,0.0779,6066000000.0,5003000000.0,5.49,-0.05,5.4665,-0.05,5.55,3170000000.0,-30000000.0,3135000000.0,0.137,0.1055,LYB
2012-12-31 00:00:00,45352000000.0,39595000000.0,5757000000.0,172000000.0,909000000.0,4676000000.0,,-491000000.0,655000000.0,4185000000.0,1327000000.0,2858000000.0,2845000000.0,4.92,0.1269,0.1031,0.0923,0.0627,0.0822,5717000000.0,4676000000.0,4.96,-0.51,4.9458,-0.51,5.01,2858000000.0,-291000000.0,2834000000.0,0.1261,0.1056,LYB
