Date,Revenue,Cost of Revenue,Gross Profit,SG&A Expenses,Operating Income,Non-operating Income/Expense,Non-operating Interest Expenses,Investment Gain/Loss (Other),EBT,Income Tax Provision,Income after Tax,Net Income Common,EPS (Basic),Gross Margin,EBIT Margin,EBT margin,Net Profit Margin,Free Cash Flow Margin,EBITDA,EBIT,"EPS (Diluted, from Cont. Ops)","EPS (Diluted, from Disc. Ops)","EPS (Basic, Consolidated)","EPS (Basic, from Discontinued Ops)","EPS (Basic, from Continuous Ops)",Income from Continuous Operations,Income from Discontinued Operations,Consolidated Net Income/Loss,EBITDA Margin,Operating Cash Flow Margin,Ticker
2022-09-30 00:00:00,1955476000.0,773257000.0,1182219100.0,58212000.0,583751100.0,13196000.0,155771000.0,1425000.0,647371000.0,2040000.0,645331000.0,625278000.0,5.42,0.6046,0.2985,0.3311,0.3198,0.3172,1130957100.0,583751100.0,5.5986,,5.6126,,5.6126,646756000.0,,646266000.0,0.5784,0.5239,MAA
2022-06-30 00:00:00,1887268000.0,752241000.0,1135027100.0,58694000.0,538345100.0,19527000.0,156368000.0,1342000.0,612857000.0,6099000.0,606758000.0,587448000.0,5.1,0.6014,0.2853,0.3247,0.3113,0.4125,1083233100.0,538345100.0,5.2663,,5.2804,,5.2804,608100000.0,,607612000.0,0.574,0.5097,MAA
2022-03-31 00:00:00,1829155000.0,737447000.0,1091708100.0,56228000.0,499812100.0,121130000.0,156330000.0,1258000.0,625353000.0,11196000.0,614157000.0,593373000.0,5.16,0.5968,0.2732,0.3419,0.3244,0.3902,1042211100.0,499812100.0,5.3421,,5.3583,,5.3583,615415000.0,,615076000.0,0.5698,0.5066,MAA
2021-12-31 00:00:00,1778082000.0,726897000.0,1051185100.0,52884000.0,464868100.0,72383000.0,156881000.0,1211000.0,563128000.0,13637000.0,549491000.0,529843000.0,4.61,0.5912,0.2614,0.3167,0.298,0.3631,1004935100.0,464868100.0,4.7871,,4.8005,,4.8005,550702000.0,,550442000.0,0.5652,0.5034,MAA
2021-09-30 00:00:00,1738168000.0,717839000.0,1020329000.0,50440000.0,442366000.0,51521000.0,158725000.0,1263000.0,451464000.0,6642000.0,444822000.0,427724000.0,3.73,0.587,0.2545,0.2597,0.2461,0.2261,976291000.0,442366000.0,3.885,,3.8961,,3.8961,446085000.0,,446005000.0,0.5617,0.4939,MAA
2021-06-30 00:00:00,1708792000.0,713675000.0,995117000.0,49130000.0,425396000.0,-1251000.0,160501000.0,1433000.0,424145000.0,4504000.0,419641000.0,403235000.0,3.52,0.5824,0.2489,0.2482,0.236,0.2415,952225000.0,425396000.0,3.6716,,3.6818,,3.6818,421074000.0,,421074000.0,0.5573,0.4867,MAA
2021-03-31 00:00:00,1684891000.0,700363000.0,984528000.0,46573000.0,421998000.0,-144838000.0,163752000.0,1426000.0,277160000.0,3659000.0,273501000.0,261819000.0,2.29,0.5843,0.2505,0.1645,0.1554,0.1829,943986000.0,421998000.0,2.4009,,2.4071,,2.4071,274927000.0,,274927000.0,0.5603,0.4816,MAA
2020-12-31 00:00:00,1677984000.0,692771000.0,985213000.0,46858000.0,427513000.0,-161672000.0,167562000.0,1501000.0,265841000.0,3327000.0,262514000.0,251274000.0,2.2,0.5871,0.2548,0.1584,0.1497,0.2051,944151000.0,427513000.0,2.3059,,2.3121,,2.3121,264015000.0,,264015000.0,0.5627,0.491,MAA
2020-09-30 00:00:00,1671140000.0,683124000.0,988016000.0,46066000.0,435267100.0,-100674000.0,170308000.0,1597000.0,334593000.0,3414000.0,331179000.0,317521000.0,2.78,0.5912,0.2605,0.2002,0.19,0.3034,947452100.0,435267000.0,2.9106,,2.9176,,2.9176,332776000.0,,332776000.0,0.5669,0.481,MAA
2020-06-30 00:00:00,1663573000.0,674057000.0,989516000.0,44931000.0,440897100.0,-86005000.0,173811000.0,1547000.0,354892000.0,4240000.0,350652000.0,336256000.0,2.94,0.5948,0.265,0.2133,0.2021,0.3073,950126000.0,440897000.0,3.0823,,3.0898,,3.0898,352199000.0,,352199000.0,0.5711,0.4824,MAA
2020-03-31 00:00:00,1657937000.0,672452000.0,985485000.0,44772000.0,440271100.0,-99601000.0,177629000.0,1664000.0,340670000.0,3722000.0,336948000.0,323111000.0,2.82,0.5944,0.2656,0.2055,0.1949,0.3123,946824000.0,440271000.0,2.9653,,2.9726,,2.9726,338612000.0,,338612000.0,0.5711,0.4749,MAA
2019-12-31 00:00:00,1641017000.0,667856000.0,973161000.0,43845000.0,432473100.0,-63813000.0,179847000.0,1654000.0,368660000.0,3696000.0,364964000.0,350123000.0,3.06,0.593,0.2635,0.2247,0.2134,0.334,936041000.0,432473000.0,3.2127,,3.22,,3.22,366618000.0,,366618000.0,0.5704,0.4762,MAA
2019-09-30 00:00:00,1622347900.0,663021000.0,959326900.0,46092000.0,428780000.0,-151892000.0,180603000.0,1786000.0,276888000.0,3599000.0,273289000.0,261816000.0,2.29,0.5913,0.2643,0.1707,0.1614,0.2775,926795900.0,428780000.0,2.4119,,2.4173,,2.4173,275075000.0,,275075000.0,0.5713,0.4652,MAA
2019-06-30 00:00:00,1603823900.0,655626000.0,948197900.0,42247000.0,419753000.0,-170519000.0,180740000.0,1810000.0,249234000.0,2724000.0,246510000.0,235962000.0,2.07,0.5912,0.2617,0.1554,0.1471,0.2848,914940000.0,419753000.0,2.1784,,2.1832,,2.1832,248320000.0,,248320000.0,0.5705,0.4606,MAA
2019-03-31 00:00:00,1586506900.0,648156000.0,938350900.0,41060000.0,409286000.0,-162245000.0,178389000.0,1731000.0,247041000.0,2612000.0,244429000.0,233852000.0,2.06,0.5915,0.258,0.1557,0.1474,0.2301,900328000.0,409286000.0,2.1606,,2.1652,,2.1652,246160000.0,,246160000.0,0.5675,0.4641,MAA
2018-12-31 00:00:00,1571345900.0,642221000.0,929124900.0,38855000.0,400511000.0,-168710000.0,173594000.0,1832000.0,231801000.0,2611000.0,229190000.0,219211000.0,1.93,0.5913,0.2549,0.1475,0.1395,0.2355,886516000.0,400511000.0,2.0294,,2.0329,,2.0329,231022000.0,,231022000.0,0.5642,0.4673,MAA
2018-09-30 00:00:00,1555936000.0,635344000.0,920592000.0,35182000.0,383774000.0,-87332000.0,168886000.0,1605000.0,296442000.0,2535000.0,293907000.0,281379000.0,2.48,0.5917,0.2467,0.1905,0.1808,0.2364,866497000.0,383774000.0,2.6112,,2.603,,2.603,295512000.0,,295512000.0,0.5569,0.4527,MAA
2018-06-30 00:00:00,1543378000.0,628761000.0,914617000.0,37163000.0,380187000.0,-19399000.0,164176000.0,1538000.0,360788000.0,2560000.0,358228000.0,343297000.0,3.02,0.5926,0.2463,0.2338,0.2224,0.2837,855620000.0,380187000.0,3.1777,,3.1705,,3.1705,359766000.0,,359766000.0,0.5544,0.4559,MAA
2018-03-31 00:00:00,1536096000.0,625349000.0,910747000.0,37486000.0,371178000.0,-22141000.0,159072000.0,1511000.0,349037000.0,2608000.0,346429000.0,331805000.0,2.92,0.5929,0.2416,0.2272,0.216,0.3198,848765000.0,371178000.0,3.0748,,3.0674,,3.0674,347940000.0,,347940000.0,0.5525,0.4432,MAA
2017-12-31 00:00:00,1528987000.0,620319000.0,908668000.0,40194000.0,354776000.0,-12991000.0,154751000.0,1370000.0,341785000.0,2619000.0,339166000.0,324691000.0,2.86,0.5943,0.232,0.2235,0.2124,0.2407,839506000.0,354776000.0,2.9955,,3.0028,,3.0028,340536000.0,,340536000.0,0.5491,0.4322,MAA
2017-09-30 00:00:00,1453447000.0,610940000.0,842507000.0,39518000.0,305088000.0,-49326000.0,148534000.0,1235000.0,255762000.0,2410000.0,253352000.0,241242000.0,2.22,0.5797,0.2099,0.176,0.166,0.2766,764936000.0,305088100.0,2.2841,,2.3105,,2.3105,254587000.0,,254587000.0,0.5263,0.4494,MAA
2017-06-30 00:00:00,1345795000.0,558994000.0,786801000.0,37818000.0,284207000.0,-58349000.0,140762000.0,799000.0,225858000.0,2223000.0,223635000.0,211734000.0,2.34,0.5846,0.2112,0.1678,0.1573,0.2086,702501000.0,284207100.0,2.4181,,2.4425,,2.4425,224535000.0,,224535000.0,0.522,0.4221,MAA
2017-03-31 00:00:00,1235240000.0,506774000.0,728466000.0,35298000.0,276025000.0,-52423000.0,134320000.0,598000.0,223602000.0,2062000.0,221540000.0,209485000.0,2.52,0.5897,0.2235,0.181,0.1696,0.1661,643931000.0,276025100.0,2.6093,,2.6329,,2.6329,222010000.0,,222010000.0,0.5213,0.4159,MAA
2016-12-31 00:00:00,1125348000.0,457449000.0,667899000.0,29040000.0,275078000.0,-49218000.0,129947000.0,244000.0,225860000.0,1699000.0,224161000.0,211915000.0,2.74,0.5935,0.2444,0.2007,0.1883,0.2295,588541000.0,275078100.0,2.8477,,2.8586,,2.8586,224402000.0,,224402000.0,0.523,0.431,MAA
2016-09-30 00:00:00,1081488100.0,441938000.0,639550100.0,26870000.0,307833000.0,-78700000.0,127252000.0,,229133000.0,1452000.0,227681000.0,215823000.0,2.87,0.5914,0.2846,0.2119,0.1996,0.142,599556000.0,307833000.0,3.0233,,3.0253,,3.0253,227711000.0,,227711000.0,0.5544,0.4544,MAA
2016-06-30 00:00:00,1066588100.0,436713000.0,629875100.0,26088000.0,307181000.0,-70067000.0,125313000.0,29000.0,237114000.0,1510000.0,235604000.0,223278000.0,2.97,0.5906,0.288,0.2223,0.2093,0.1446,593333000.0,307181000.0,3.1304,,3.1324,,3.1324,235633000.0,,235633000.0,0.5563,0.4457,MAA
2016-03-31 00:00:00,1053243100.0,432943000.0,620300100.0,25731000.0,298224000.0,34996000.0,123707000.0,107000.0,333220000.0,1451000.0,331769000.0,314433000.0,4.18,0.5889,0.2831,0.3164,0.2985,0.2726,581261000.0,298224000.0,4.4117,,4.4137,,4.4137,331876000.0,,331876000.0,0.5519,0.4414,MAA
2015-12-31 00:00:00,1042779100.0,431635000.0,611144100.0,25716000.0,290908000.0,61512000.0,122344000.0,-2000.0,352420000.0,1673000.0,350747000.0,332287000.0,4.41,0.5861,0.279,0.338,0.3187,0.3141,570290000.0,290908000.0,4.6656,,4.6656,,4.6656,350745000.0,,350745000.0,0.5469,0.4447,MAA
2015-09-30 00:00:00,1033406900.0,402751000.0,630656000.0,23947000.0,277438900.0,67098000.0,126373000.0,-15000.0,344537000.0,2235000.0,342302000.0,323825000.0,4.3,0.6103,0.2685,0.3334,0.3134,0.246,552895900.0,277439000.0,4.5325,,4.549,,4.5325,342287000.0,,341836000.0,0.535,0.435,MAA
2015-06-30 00:00:00,1020982900.0,401938000.0,619045000.0,24579000.0,268670900.0,46670000.0,124395000.0,3110000.0,315341000.0,2165000.0,313176000.0,299067000.0,3.97,0.6063,0.2631,0.3089,0.2929,0.2919,540929900.0,268671000.0,4.1347,,4.2034,,4.1347,316286000.0,,315727000.0,0.5298,0.4148,MAA
2015-03-31 00:00:00,1007396900.0,401949000.0,605448000.0,23134000.0,258720900.0,-56679000.0,124125000.0,6052000.0,202042000.0,2290000.0,199752000.0,194381000.0,2.58,0.601,0.2568,0.2006,0.193,0.106,523952900.0,258721000.0,2.6407,,2.7349,,2.6407,205804000.0,,205240000.0,0.5201,0.3893,MAA
2014-12-31 00:00:00,992331900.0,397083000.0,595249000.0,20909000.0,230232900.0,-83246000.0,123953000.0,6009000.0,146987000.0,2050000.0,144937000.0,147980000.0,1.97,0.5998,0.232,0.1481,0.1491,0.1419,510694900.0,230233000.0,1.9,0.07,2.0843,0.07,1.9,150946000.0,5331000.0,156277000.0,0.5146,0.3884,MAA
2014-09-30 00:00:00,978729000.0,404761000.0,573968000.0,21030000.0,200934000.0,-106676000.0,122411000.0,6196000.0,94258000.0,1459000.0,92799000.0,104183000.0,1.39,0.5864,0.2053,0.0963,0.1064,0.2398,496718000.0,200934000.0,0.95,-0.1015,0.9239,-0.0915,0.95,98995000.0,11014000.0,110009000.0,0.5075,0.3954,MAA
2014-06-30 00:00:00,864561000.0,354880000.0,509681000.0,18495000.0,174530000.0,-131957000.0,109083000.0,3132000.0,42573000.0,1240000.0,41333000.0,81491000.0,1.54,0.5895,0.2019,0.0492,0.0943,0.1753,438053000.0,174530000.0,0.43,0.5699,1.0602,0.5799,0.43,44465000.0,40881000.0,85346000.0,0.5067,0.3902,MAA
2014-03-31 00:00:00,751057000.0,303285000.0,447772000.0,16672000.0,153789000.0,-125821000.0,94109000.0,260000.0,27968000.0,940000.0,27028000.0,108967000.0,2.49,0.5962,0.2048,0.0372,0.1451,0.3352,387647000.0,153789000.0,0.37,1.58,2.0443,1.59,0.38,27288000.0,85700000.0,112988000.0,0.5161,0.4158,MAA
2013-12-31 00:00:00,635490000.0,253667000.0,381823000.0,15569000.0,149731000.0,-111484000.0,78978000.0,338000.0,38247000.0,893000.0,37354000.0,115281000.0,2.79,0.6008,0.2356,0.0602,0.1814,0.1991,333534000.0,149731000.0,0.71,1.54,2.3537,1.55,0.72,37692000.0,81587000.0,119279000.0,0.5248,0.4066,MAA
2013-09-30 00:00:00,512531000.0,190386000.0,322145000.0,13930000.0,145936000.0,-76133000.0,60881000.0,36000.0,69803000.0,,68331000.0,146860000.0,3.43,0.6285,0.2847,0.1362,0.2865,0.3085,281424000.0,145936000.0,1.54,1.9,3.5753,1.9,1.55,68367000.0,83929000.0,152296000.0,0.5491,0.4326,MAA
2013-06-30 00:00:00,500315000.0,186887000.0,313428000.0,13481000.0,138562000.0,-70085000.0,60488000.0,-91000.0,68477000.0,,67228000.0,133442000.0,3.13,0.6265,0.2769,0.1369,0.2667,-0.1301,273696000.0,138562000.0,1.52,1.62,3.2715,1.62,1.53,67204000.0,71114000.0,138318000.0,0.547,0.4387,MAA
2013-03-31 00:00:00,487522000.0,183671000.0,303851000.0,13554000.0,131422000.0,-64040000.0,59372000.0,-169000.0,67382000.0,,66356000.0,102513000.0,2.45,0.6233,0.2696,0.1382,0.2103,-0.3472,265403000.0,131422000.0,1.52,0.94,2.561,0.94,1.52,66218000.0,40544000.0,106762000.0,0.5444,0.4414,MAA
2012-12-31 00:00:00,475888000.0,182077000.0,293811000.0,13762000.0,123904000.0,-61674000.0,57937000.0,-571000.0,62230000.0,,61427000.0,105223000.0,2.55,0.6174,0.2604,0.1308,0.2211,-0.2736,255332000.0,123904000.0,1.43,1.13,2.6761,1.13,1.43,61204000.0,48621000.0,109825000.0,0.5365,0.4433,MAA
