Date,Revenue,Cost of Revenue,Gross Profit,R&D Expenses,SG&A Expenses,Operating Income,Interest Expense (Operating),Non-operating Income/Expense,Non-operating Interest Expenses,EBT,Income Tax Provision,Income after Tax,Net Income Common,EPS (Basic),Gross Margin,EBIT Margin,EBT margin,Net Profit Margin,Free Cash Flow Margin,EBITDA,EBIT,"EPS (Diluted, from Cont. Ops)","EPS (Diluted, from Disc. Ops)","EPS (Basic, Consolidated)","EPS (Basic, from Discontinued Ops)","EPS (Basic, from Continuous Ops)",Income from Continuous Operations,Income from Discontinued Operations,Consolidated Net Income/Loss,EBITDA Margin,Operating Cash Flow Margin,Ticker
2022-09-30 00:00:00,7639000000.0,3338000000.0,4300000000.0,1042000000.0,756000000.0,2520899900.0,223000000.0,43000000.0,57800000.0,2267000000.0,422000000.0,1844100000.0,1844000000.0,3.27,0.5629,0.33,0.2968,0.2414,0.3665,3622000000.0,2520899900.0,3.2782,,3.3332,,3.3332,1844100000.0,,1844000000.0,0.4741,0.4234,MCHP
2022-06-30 00:00:00,7216000000.0,3292000000.0,3923000000.0,1019000000.0,733600000.0,2182100000.0,235000000.0,131000000.0,57800000.0,1833000000.0,292000000.0,1539900000.0,1540000000.0,2.72,0.5437,0.3024,0.254,0.2134,0.3689,3315000000.0,2182100000.0,2.7275,,2.7818,,2.7818,1539900000.0,,1540000000.0,0.4594,0.4231,MCHP
2022-03-31 00:00:00,6821400000.0,3032800000.0,3788600000.0,988400000.0,719000000.0,1849600000.0,257000000.0,68200000.0,130100000.0,1483000000.0,197200000.0,1285500000.0,1285800000.0,2.28,0.5554,0.2711,0.2174,0.1885,0.3645,3028100000.0,1849600000.0,2.2716,,2.3276,,2.3276,1285500000.0,,1285800000.0,0.4439,0.4167,MCHP
2021-12-31 00:00:00,6444500000.0,2719100000.0,3725399800.0,957900100.0,696900000.0,1608099500.0,277000000.0,-121400000.0,150300000.0,1148400000.0,184600000.0,963600000.0,963800000.0,1.725,0.5781,0.2495,0.1782,0.1496,0.3497,2789399600.0,1608099700.0,1.6996,,1.7475,,1.7475,963600000.0,,963800000.0,0.4328,0.3948,MCHP
2021-09-30 00:00:00,6038600000.0,2405400000.0,3633199800.0,923000100.0,673600000.0,1338699500.0,302000000.0,-371200000.0,236800000.0,723200000.0,76200000.0,647000000.0,647000000.0,1.175,0.6017,0.2217,0.1198,0.1071,0.3278,2525499600.0,1338699700.0,1.1434,,1.1804,,1.1804,647000000.0,,647000000.0,0.4182,0.3644,MCHP
2021-06-30 00:00:00,5698100000.0,2110000000.0,3588099800.0,876800100.0,638300000.0,1148599500.0,330000000.0,-601600000.0,330100000.0,547000000.0,68400000.0,478600000.0,478600000.0,0.89,0.6297,0.2016,0.096,0.084,0.3305,2355499500.0,1148599700.0,0.8533,,0.8852,,0.8852,478600000.0,,478600000.0,0.4134,0.3588,MCHP
2021-03-31 00:00:00,5438400000.0,2059600000.0,3378799700.0,836400100.0,610300000.0,998099500.0,357000000.0,-658600000.0,356900000.0,339500000.0,-9900000.0,349400000.0,349400000.0,0.68,0.6213,0.1835,0.0624,0.0642,0.3369,2239599500.0,998099700.0,0.6456,,0.673,,0.673,349400000.0,,349400000.0,0.4118,0.3524,MCHP
2020-12-31 00:00:00,5297700000.0,2031800000.0,3265900200.0,829700000.0,610900000.0,850800000.0,394000000.0,-609900000.0,394300000.0,240900000.0,-92400000.0,333300000.0,333300000.0,0.675,0.6165,0.1606,0.0455,0.0629,0.3384,2133000000.0,850799900.0,0.6412,,0.6712,,0.6712,333300000.0,,333300000.0,0.4026,0.3471,MCHP
2020-09-30 00:00:00,5233000000.0,2027400000.0,3205600200.0,836700000.0,627400000.0,736400100.0,427000000.0,-501700000.0,427500000.0,234700000.0,-373500000.0,608200000.0,608200000.0,1.255,0.6126,0.1407,0.0448,0.1162,0.3222,2048100100.0,736400000.0,1.1777,,1.2528,,1.2528,608200000.0,,608200000.0,0.3914,0.3296,MCHP
2020-06-30 00:00:00,5261300000.0,2036100000.0,3225200300.0,856700000.0,655000000.0,693800200.0,,-494400000.0,463800000.0,199400000.0,-444100000.0,643500000.0,643500000.0,1.34,0.613,0.1319,0.0379,0.1223,0.307,2029900300.0,693800100.0,1.2535,,1.3374,,1.3374,643500000.0,,643500000.0,0.3858,0.3165,MCHP
2020-03-31 00:00:00,5274200000.0,2032100000.0,3242100400.0,877800000.0,676600000.0,647100300.0,,-496700000.0,497300000.0,150400000.0,-420200000.0,570600000.0,570600000.0,1.195,0.6147,0.1227,0.0285,0.1082,0.2805,2001500300.0,647100200.0,1.1136,,1.1945,,1.1945,570600000.0,,570600000.0,0.3795,0.2927,MCHP
2019-12-31 00:00:00,5277600000.0,2028999900.0,3248600200.0,870800000.0,678400000.0,770999800.0,,-515199900.0,518200000.0,255800000.0,-389600000.0,645400000.0,645400000.0,1.355,0.6155,0.1461,0.0485,0.1223,0.2805,2051899900.0,770999900.0,1.2648,,1.3547,,1.3547,645400000.0,,645400000.0,0.3888,0.2985,MCHP
2019-09-30 00:00:00,5364900000.0,2122199900.0,3242700200.0,871400000.0,682500000.0,834499700.0,,-534299900.0,536100000.0,300200000.0,-83300000.0,383500000.0,383500000.0,0.81,0.6044,0.1555,0.056,0.0715,0.2895,2057799700.0,834499800.0,0.7632,,0.8083,,0.8083,383500000.0,,383500000.0,0.3836,0.3097,MCHP
2019-06-30 00:00:00,5459600000.0,2355099900.0,3104500100.0,873500000.0,686800000.0,753599700.0,,-546299900.0,545100000.0,207300000.0,-163600000.0,370900000.0,370900000.0,0.785,0.5686,0.138,0.038,0.0679,0.2912,1898999700.0,753599800.0,0.7411,,0.7841,,0.7841,370900000.0,,370900000.0,0.3478,0.3211,MCHP
2019-03-31 00:00:00,5349500000.0,2418199900.0,2931300100.0,826300000.0,682900000.0,714299700.0,,-509799900.0,502900000.0,204500000.0,-151400000.0,355900000.0,355900000.0,0.755,0.548,0.1335,0.0382,0.0665,0.2703,1721599800.0,714299800.0,0.7121,,0.7534,,0.7534,355900000.0,,355900000.0,0.3218,0.3131,MCHP
2018-12-31 00:00:00,5022100000.0,2296100000.0,2726000200.0,745100000.0,629800000.0,673800200.0,,-432300000.0,416900000.0,241500000.0,-86400000.0,327900000.0,327900000.0,0.7,0.5428,0.1342,0.0481,0.0653,0.2756,1594000200.0,673800200.0,0.6744,,0.6913,,0.6913,327900000.0,,327900000.0,0.3174,0.3247,MCHP
2018-09-30 00:00:00,4641600000.0,2088100000.0,2553500200.0,659000000.0,564100000.0,724300200.0,,-341100000.0,329000000.0,383200000.0,355600000.0,27600000.0,27600000.0,0.06,0.5501,0.156,0.0826,0.0059,0.2668,1550000300.0,724300200.0,0.0375,,0.0511,,0.0511,27600000.0,,27600000.0,0.3339,0.3263,MCHP
2018-06-30 00:00:00,4221200000.0,1742900000.0,2478300200.0,570700000.0,501800000.0,847000100.0,,-238200000.0,239900000.0,608800000.0,488300000.0,120500000.0,120500000.0,0.26,0.5871,0.2007,0.1442,0.0285,0.2637,1599200200.0,847000100.0,0.2327,,0.2524,,0.2524,120500000.0,,120500000.0,0.3788,0.3262,MCHP
2018-03-31 00:00:00,3980800000.0,1560100000.0,2420700200.0,529300000.0,452100000.0,936300100.0,,-199000000.0,199000000.0,737300000.0,481900000.0,255400000.0,255400000.0,0.555,0.6081,0.2352,0.1852,0.0642,0.3072,1665200100.0,936300100.0,0.5131,,0.5483,,0.5483,255400000.0,,255400000.0,0.4183,0.3566,MCHP
2017-12-31 00:00:00,3881059100.0,1542628900.0,2338430200.0,522889000.0,448849000.0,846269800.0,,-225355000.0,190315000.0,620915000.0,375299000.0,245616000.0,245569000.0,0.545,0.6025,0.2181,0.16,0.0633,0.3207,1538550800.0,846269800.0,0.5163,,0.5578,,0.556,245616000.0,,245569000.0,0.3964,0.3563,MCHP
2017-09-30 00:00:00,3721225100.0,1524635900.0,2196589200.0,523722000.0,450766000.0,719143800.0,,-211431000.0,175758000.0,507713000.0,-96338000.0,604051000.0,603844000.0,1.33,0.5903,0.1933,0.1364,0.1623,0.199,1357055800.0,719143800.0,1.2826,,1.3419,,1.3423,604051000.0,,603844000.0,0.3647,0.3516,MCHP
2017-06-30 00:00:00,3580489100.0,1587378900.0,1993110200.0,527917000.0,456595000.0,556503800.0,,-209757000.0,161384000.0,346747000.0,-103678000.0,450425000.0,448563000.0,1.005,0.5567,0.1554,0.0968,0.1253,0.3141,1139786800.0,556503800.0,0.9712,,1.0151,,1.0218,450425000.0,,448563000.0,0.3183,0.3297,MCHP
2017-03-31 00:00:00,3407800100.0,1650599900.0,1757200200.0,545300000.0,499800000.0,275799900.0,,-186000000.0,146300000.0,89800000.0,-80800000.0,170600000.0,164600000.0,0.37,0.5156,0.0809,0.0264,0.0483,0.2956,805599900.0,275799900.0,0.365,-0.01,0.3789,-0.015,0.395,170600000.0,-6000000.0,164600000.0,0.2364,0.3109,MCHP
2016-12-31 00:00:00,3062754000.0,1535569000.0,1527185100.0,513753000.0,466974000.0,201631200.0,,-126026000.0,131482000.0,75605000.0,-25409000.0,101014000.0,95054000.0,0.23,0.4986,0.0658,0.0247,0.031,0.2843,673133200.0,201631100.0,0.205,-0.0253,0.2264,-0.0204,0.24,101014000.0,-5953000.0,95061000.0,0.2198,0.3067,MCHP
2016-09-30 00:00:00,2768732000.0,1414088000.0,1354644100.0,478342000.0,432227000.0,159689200.0,,-117424000.0,123846000.0,42265000.0,-12625000.0,54890000.0,49090000.0,0.13,0.4893,0.0577,0.0153,0.0177,0.4596,594495200.0,159689100.0,0.115,-0.03,0.1291,-0.025,0.14,54890000.0,-5793000.0,49097000.0,0.2147,0.3103,MCHP
2016-06-30 00:00:00,2438759000.0,1193786000.0,1244973100.0,435803000.0,392356000.0,171877200.0,,-100889000.0,114364000.0,70988000.0,-13227000.0,84215000.0,80070000.0,0.21,0.5105,0.0705,0.0291,0.0328,0.2946,566893200.0,171877100.0,0.19,-0.03,0.2093,-0.025,0.215,84215000.0,-9222000.0,80077000.0,0.2325,0.3226,MCHP
2016-03-31 00:00:00,2173300000.0,967800000.0,1205500100.0,372600000.0,301700000.0,352300100.0,,-71000000.0,104000000.0,281300000.0,-42600000.0,323900000.0,324100000.0,0.8,0.5547,0.1621,0.1294,0.1491,0.3041,696500100.0,352300000.0,0.745,,0.7963,,0.795,323900000.0,,323900000.0,0.3205,0.3425,MCHP
2015-12-31 00:00:00,2158894000.0,942577000.0,1216317100.0,364620000.0,291155000.0,382746100.0,,-97045000.0,97317000.0,285701000.0,-69449000.0,355150000.0,356179000.0,0.88,0.5634,0.1773,0.1323,0.165,0.289,720348100.0,382746000.0,0.8208,,0.8764,,0.8903,355150000.0,,355150000.0,0.3337,0.3337,MCHP
2015-09-30 00:00:00,2147260000.0,921702000.0,1225558100.0,356295000.0,281553000.0,404623100.0,,-82889000.0,84033000.0,321734000.0,-57003000.0,378737000.0,381025000.0,0.945,0.5708,0.1884,0.1498,0.1774,0.2632,729233100.0,404623000.0,0.8705,,0.9366,,0.951,378737000.0,-6238000.0,378737000.0,0.3396,0.3236,MCHP
2015-06-30 00:00:00,2152112000.0,920050000.0,1232062100.0,349853000.0,272409000.0,430993100.0,,-72512000.0,72408000.0,358481000.0,-47395000.0,405876000.0,409767000.0,1.02,0.5725,0.2003,0.1666,0.1904,0.2781,745509100.0,430993000.0,0.9248,,1.0071,,1.0204,405876000.0,-7906000.0,405876000.0,0.3464,0.3424,MCHP
2015-03-31 00:00:00,2147036000.0,917472000.0,1229564100.0,349543000.0,274815000.0,425620100.0,,-79713000.0,62034000.0,345907000.0,-19418000.0,365325000.0,369009000.0,0.92,0.5727,0.1982,0.1611,0.1719,0.2663,731121100.0,425620000.0,0.825,,0.9091,,0.92,365325000.0,,365325000.0,0.3405,0.3359,MCHP
2014-12-31 00:00:00,2097213000.0,890695000.0,1206517900.0,339244000.0,272381000.0,441309800.0,,-39200000.0,53881000.0,402110000.0,23870000.0,378240000.0,381102000.0,0.955,0.5753,0.2104,0.1917,0.1817,0.2825,714327800.0,441309900.0,0.8462,,0.9445,,0.9445,378240000.0,,378240000.0,0.3406,0.3557,MCHP
2014-09-30 00:00:00,2050875000.0,863596000.0,1187278900.0,326888000.0,272569000.0,460218800.0,,-31712000.0,52203000.0,428507000.0,29664000.0,398843000.0,400446000.0,1.005,0.5789,0.2244,0.2089,0.1953,0.2771,704763800.0,460218900.0,0.897,,0.9989,,0.9989,398843000.0,,398843000.0,0.3436,0.3459,MCHP
2014-06-30 00:00:00,1997301000.0,828613000.0,1168687900.0,316328000.0,270823000.0,476408800.0,,-27400000.0,50538000.0,449009000.0,42398000.0,406611000.0,406611000.0,1.02,0.5851,0.2385,0.2248,0.2036,0.2729,697861800.0,476408900.0,0.9232,,1.0218,,1.0218,406611000.0,,406611000.0,0.3494,0.3379,MCHP
2014-03-31 00:00:00,1931217000.0,802474000.0,1128742900.0,305043000.0,267278000.0,458863800.0,,-26510000.0,48716000.0,432354000.0,37073000.0,395281000.0,395281000.0,0.995,0.5845,0.2376,0.2239,0.2047,0.3002,669685800.0,458863900.0,0.9081,,0.9967,,0.9967,395281000.0,,395281000.0,0.3468,0.3503,MCHP
2013-12-31 00:00:00,1867977100.0,790781000.0,1077196100.0,298118000.0,266678000.0,389540000.0,,-25908000.0,46687000.0,363632000.0,20156000.0,343476000.0,343476000.0,0.865,0.5767,0.2085,0.1947,0.1839,0.2802,617615000.0,389540000.0,0.8021,,0.8693,,0.8693,343476000.0,,343476000.0,0.3306,0.3218,MCHP
2013-09-30 00:00:00,1801652100.0,806748000.0,994904100.0,293154000.0,269190000.0,290035000.0,,-29299000.0,45219000.0,260736000.0,12488000.0,248248000.0,248248000.0,0.625,0.5522,0.161,0.1447,0.1378,0.2935,544200000.0,290035000.0,0.5865,,0.6303,,0.6303,248248000.0,,248248000.0,0.3021,0.3286,MCHP
2013-06-30 00:00:00,1692281100.0,792045000.0,900236100.0,278982000.0,271589000.0,180621000.0,,-28972000.0,43623000.0,151649000.0,24391000.0,127258000.0,127258000.0,0.32,0.532,0.1067,0.0896,0.0752,0.2636,434899000.0,180621000.0,0.3014,,0.3234,,0.3234,127258000.0,,127258000.0,0.257,0.2941,MCHP
2013-03-31 00:00:00,1581623100.0,743164000.0,838459100.0,254723000.0,261471000.0,178553000.0,,-26376000.0,40915000.0,152177000.0,24788000.0,127389000.0,127389000.0,0.325,0.5301,0.1129,0.0962,0.0805,0.2585,404250000.0,178553000.0,0.3095,,0.3273,,0.3273,127389000.0,,127389000.0,0.2556,0.2904,MCHP
2012-12-31 00:00:00,1490390000.0,693615000.0,796775000.0,231998000.0,245381000.0,215749100.0,,-21152000.0,39329000.0,194597000.0,46262000.0,148335000.0,148335000.0,0.385,0.5346,0.1448,0.1306,0.0995,0.4331,414755100.0,215749100.0,0.3594,,0.3839,,0.3839,148335000.0,,148335000.0,0.2783,0.4988,MCHP
