Date,Revenue,Cost of Revenue,Gross Profit,SG&A Expenses,Operating Income,Interest Expense (Operating),Non-operating Income/Expense,Non-operating Interest Expenses,EBT,Income Tax Provision,Income after Tax,Share of Subsidiary Earnings,Net Income Common,EPS (Basic),Gross Margin,EBIT Margin,EBT margin,Net Profit Margin,Free Cash Flow Margin,EBITDA,EBIT,"EPS (Diluted, from Cont. Ops)","EPS (Diluted, from Disc. Ops)","EPS (Basic, Consolidated)","EPS (Basic, from Discontinued Ops)","EPS (Basic, from Continuous Ops)",Income from Continuous Operations,Income from Discontinued Operations,Consolidated Net Income/Loss,EBITDA Margin,Operating Cash Flow Margin,Ticker
2022-09-30 00:00:00,30459000000.0,19389000000.0,11070000000.0,6923000000.0,3904000000.0,384000000.0,-305000000.0,426000000.0,3599000000.0,833000000.0,2766000000.0,381000000.0,3137000000.0,2.27,0.3634,0.1282,0.1182,0.103,0.0765,4999000000.0,3904000000.0,2.2549,,2.2699,,2.2699,3147000000.0,,3147000000.0,0.1641,0.1293,MDLZ
2022-06-30 00:00:00,29878000000.0,18597000000.0,11281000000.0,6475000000.0,4519000000.0,357000000.0,-309000000.0,437000000.0,4210000000.0,991000000.0,3219000000.0,657000000.0,3863000000.0,2.78,0.3776,0.1512,0.1409,0.1293,0.1208,5616000000.0,4519000000.0,2.7647,,2.7835,,2.7835,3876000000.0,,3876000000.0,0.188,0.1445,MDLZ
2022-03-31 00:00:00,29246000000.0,17975000000.0,11271000000.0,6392000000.0,4464000000.0,358000000.0,-245000000.0,397000000.0,4219000000.0,1188000000.0,3031000000.0,1176000000.0,4194000000.0,3.01,0.3854,0.1526,0.1443,0.1434,0.1277,5568000000.0,4464000000.0,2.9882,,3.0092,,3.0092,4207000000.0,,4207000000.0,0.1904,0.149,MDLZ
2021-12-31 00:00:00,28720000000.0,17466000000.0,11254000000.0,6263000000.0,4653000000.0,365000000.0,-284000000.0,447000000.0,4369000000.0,1190000000.0,3179000000.0,1135000000.0,4300000000.0,3.07,0.3919,0.162,0.1521,0.1497,0.1187,5766000000.0,4653000000.0,3.053,,3.0749,,3.0749,4314000000.0,,4314000000.0,0.2008,0.1442,MDLZ
2021-09-30 00:00:00,28360000000.0,17067000000.0,11293000000.0,6217000000.0,4598000000.0,376000000.0,-431000000.0,602000000.0,4167000000.0,1296000000.0,2871000000.0,1597000000.0,4453000000.0,3.16,0.3982,0.1621,0.1469,0.157,0.1286,5738000000.0,4598000000.0,3.1447,,3.1662,,3.1662,4468000000.0,,4468000000.0,0.2023,0.1541,MDLZ
2021-06-30 00:00:00,27843000000.0,16582000000.0,11261000000.0,6265000000.0,4439000000.0,393000000.0,-437000000.0,609000000.0,4002000000.0,1345000000.0,2657000000.0,1671000000.0,4314000000.0,3.04,0.4044,0.1594,0.1437,0.1549,0.1214,5591000000.0,4439000000.0,3.0265,,3.0476,,3.0476,4328000000.0,,4328000000.0,0.2008,0.1508,MDLZ
2021-03-31 00:00:00,27112000000.0,16151000000.0,10961000000.0,6125000000.0,4280000000.0,411000000.0,-487000000.0,636000000.0,3793000000.0,1288000000.0,2505000000.0,1289000000.0,3780000000.0,2.65,0.4043,0.1579,0.1399,0.1394,0.1317,5424000000.0,4280000000.0,2.6432,,2.6616,,2.6616,3794000000.0,,3794000000.0,0.2001,0.1695,MDLZ
2020-12-31 00:00:00,26581000000.0,16135000000.0,10446000000.0,6098000000.0,3853000000.0,423000000.0,-470000000.0,608000000.0,3383000000.0,1224000000.0,2159000000.0,1410000000.0,3555000000.0,2.5,0.393,0.145,0.1273,0.1337,0.117,4969000000.0,3853000000.0,2.4767,,2.4941,,2.4941,3569000000.0,,3569000000.0,0.1869,0.1491,MDLZ
2020-09-30 00:00:00,26196000000.0,15863000000.0,10333000000.0,6224000000.0,3610000000.0,435000000.0,-314000000.0,434000000.0,3296000000.0,1110000000.0,2186000000.0,1013000000.0,3185000000.0,2.19,0.3944,0.1377,0.1258,0.1216,0.1833,4693000000.0,3607000000.0,2.2134,,2.2303,,2.2303,3199000000.0,,3199000000.0,0.1791,0.1679,MDLZ
2020-06-30 00:00:00,25886000000.0,15829000000.0,10057000000.0,6206000000.0,3351000000.0,,-455000000.0,550000000.0,2896000000.0,86000000.0,2810000000.0,698000000.0,3492000000.0,2.39,0.3885,0.1295,0.1119,0.1349,0.1412,4412000000.0,3351000000.0,2.4168,,2.4371,,2.4371,3508000000.0,,3508000000.0,0.1704,0.173,MDLZ
2020-03-31 00:00:00,26037000000.0,15842000000.0,10195000000.0,6180000000.0,3663000000.0,,-490000000.0,566000000.0,3173000000.0,-39000000.0,3212000000.0,555000000.0,3751000000.0,2.57,0.3916,0.1407,0.1219,0.1441,0.122,4711000000.0,3663000000.0,2.5895,,2.6126,,2.6126,3767000000.0,,3767000000.0,0.1809,0.1453,MDLZ
2019-12-31 00:00:00,25868000000.0,15531000000.0,10337000000.0,6136000000.0,3843000000.0,,-396000000.0,456000000.0,3447000000.0,2000000.0,3445000000.0,499000000.0,3929000000.0,2.67,0.3996,0.1486,0.1333,0.1519,0.1207,4893000000.0,3843000000.0,2.705,,2.7294,,2.7294,3944000000.0,,3944000000.0,0.1892,0.1533,MDLZ
2019-09-30 00:00:00,25728000000.0,15601000000.0,10127000000.0,5922000000.0,3807000000.0,,-447000000.0,492000000.0,3360000000.0,-117000000.0,3477000000.0,440000000.0,3902000000.0,2.73,0.3936,0.1481,0.1306,0.1517,0.1322,4785000000.0,3810000000.0,2.6813,,2.7045,,2.7045,3917000000.0,,3917000000.0,0.186,0.1533,MDLZ
2019-06-30 00:00:00,25661000000.0,15636000000.0,10025000000.0,5964000000.0,3668000000.0,,-322000000.0,373000000.0,3346000000.0,826000000.0,2520000000.0,1163000000.0,3670000000.0,2.56,0.3907,0.1429,0.1304,0.143,0.1233,4589000000.0,3668000000.0,2.5086,,2.5307,,2.5307,3683000000.0,,3683000000.0,0.1788,0.1486,MDLZ
2019-03-31 00:00:00,25711000000.0,15615000000.0,10096000000.0,6441000000.0,3124000000.0,,-466000000.0,520000000.0,2658000000.0,625000000.0,2033000000.0,1166000000.0,3185000000.0,2.22,0.3927,0.1215,0.1034,0.1239,0.129,3986000000.0,3124000000.0,2.1723,,2.1912,,2.1912,3199000000.0,,3199000000.0,0.155,0.1558,MDLZ
2018-12-31 00:00:00,25938000000.0,15586000000.0,10352000000.0,6475000000.0,3312000000.0,,-470000000.0,520000000.0,2842000000.0,773000000.0,2069000000.0,1262000000.0,3317000000.0,2.22,0.3991,0.1277,0.1096,0.1279,0.1253,4123000000.0,3312000000.0,2.2416,,2.2628,,2.2628,3331000000.0,,3331000000.0,0.159,0.1522,MDLZ
2018-09-30 00:00:00,26131000000.0,15675000000.0,10456000000.0,6601000000.0,3272000000.0,,-473000000.0,534000000.0,2799000000.0,818000000.0,1981000000.0,1315000000.0,3277000000.0,2.2,0.4001,0.1324,0.1071,0.1254,0.1051,4286000000.0,3461000000.0,2.2016,,2.2235,,2.2235,3296000000.0,,3296000000.0,0.164,0.1409,MDLZ
2018-06-30 00:00:00,26373000000.0,15782000000.0,10591000000.0,6431000000.0,3706000000.0,,-415000000.0,467000000.0,3291000000.0,780000000.0,2511000000.0,570000000.0,3064000000.0,2.05,0.4016,0.1477,0.1248,0.1162,0.0967,4723000000.0,3895000000.0,2.0372,,2.0586,,2.0586,3081000000.0,,3081000000.0,0.1791,0.1332,MDLZ
2018-03-31 00:00:00,26247000000.0,15882000000.0,10365000000.0,5982000000.0,3861000000.0,,-301000000.0,343000000.0,3560000000.0,849000000.0,2711000000.0,550000000.0,3244000000.0,2.16,0.3949,0.1542,0.1356,0.1236,0.1015,4870000000.0,4047000000.0,2.147,,2.1709,,2.1709,3261000000.0,,3261000000.0,0.1855,0.1355,MDLZ
2017-12-31 00:00:00,25896000000.0,15862000000.0,10034000000.0,5938000000.0,3462000000.0,,-338000000.0,382000000.0,3124000000.0,666000000.0,2458000000.0,384000000.0,2828000000.0,1.94,0.3875,0.1409,0.1206,0.1092,0.0652,4464000000.0,3648000000.0,1.8564,,1.8784,,1.8784,2842000000.0,,2842000000.0,0.1724,0.1001,MDLZ
2017-09-30 00:00:00,25700000000.0,15754000000.0,9946000000.0,5987000000.0,3124000000.0,,-792000000.0,837000000.0,2332000000.0,417000000.0,1915000000.0,269000000.0,2178000000.0,1.46,0.387,0.1218,0.0907,0.0847,0.0608,3933000000.0,3130000000.0,1.4259,,1.4425,,1.4425,2184000000.0,,2184000000.0,0.153,0.0972,MDLZ
2017-06-30 00:00:00,25566000000.0,15681000000.0,9885000000.0,6201000000.0,2655000000.0,,-928000000.0,963000000.0,1727000000.0,185000000.0,1542000000.0,208000000.0,1745000000.0,1.15,0.3866,0.1041,0.0676,0.0683,0.0676,3462000000.0,2661000000.0,1.1292,,1.1429,,1.1429,1750000000.0,,1750000000.0,0.1354,0.1081,MDLZ
2017-03-31 00:00:00,25882000000.0,15795000000.0,10087000000.0,6414000000.0,2657000000.0,,-960000000.0,990000000.0,1697000000.0,219000000.0,1478000000.0,243000000.0,1711000000.0,1.12,0.3897,0.103,0.0656,0.0661,0.0648,3473000000.0,2666000000.0,1.1032,,1.1162,,1.1162,1721000000.0,,1721000000.0,0.1342,0.1057,MDLZ
2016-12-31 00:00:00,25923000000.0,15819000000.0,10104000000.0,6546000000.0,2554000000.0,,-1100000000.0,1115000000.0,1454000000.0,114000000.0,1340000000.0,305000000.0,1635000000.0,1.06,0.3898,0.0989,0.0561,0.0631,0.0676,3377000000.0,2563000000.0,1.0458,,1.0572,,1.0572,1645000000.0,,1645000000.0,0.1303,0.1095,MDLZ
2016-09-30 00:00:00,26517000000.0,16143000000.0,10374000000.0,6737000000.0,1505000000.0,,-739000000.0,739000000.0,766000000.0,239000000.0,527000000.0,189000000.0,837000000.0,0.54,0.3912,0.045,0.0289,0.0316,0.0886,2038000000.0,1192000000.0,0.5426,,0.5465,,0.5465,860000000.0,,860000000.0,0.0769,0.1303,MDLZ
2016-06-30 00:00:00,26970000000.0,16414000000.0,10556000000.0,6975000000.0,8605000000.0,,-708000000.0,708000000.0,7897000000.0,547000000.0,7350000000.0,,7555000000.0,4.71,0.3914,0.5715,0.2928,0.2801,0.0862,16259000000.0,15414000000.0,4.6565,,4.7116,,4.7116,7580000000.0,,7580000000.0,0.6029,0.1296,MDLZ
2016-03-31 00:00:00,28329000000.0,17223000000.0,11106000000.0,7268000000.0,8808000000.0,,-871000000.0,871000000.0,7937000000.0,529000000.0,7408000000.0,,7497000000.0,4.66,0.392,0.5517,0.2802,0.2646,0.0786,16499000000.0,15630000000.0,4.6175,,4.6719,,4.6719,7536000000.0,,7536000000.0,0.5824,0.1255,MDLZ
2015-12-31 00:00:00,29636000000.0,18124000000.0,11512000000.0,7577000000.0,8897000000.0,,-1013000000.0,1013000000.0,7884000000.0,593000000.0,7291000000.0,,7267000000.0,4.51,0.3884,0.5304,0.266,0.2452,0.0767,16613000000.0,15719000000.0,4.4539,,4.5062,,4.5062,7291000000.0,,7291000000.0,0.5606,0.1258,MDLZ
2015-09-30 00:00:00,31102000000.0,19279000000.0,11823000000.0,7776000000.0,10043000000.0,,-785000000.0,785000000.0,9258000000.0,672000000.0,8586000000.0,,8496000000.0,5.27,0.3801,0.5523,0.2977,0.2732,0.069,18103000000.0,17178000000.0,5.2056,,5.2694,,5.2694,8514000000.0,,8514000000.0,0.5821,0.123,MDLZ
2015-06-30 00:00:00,32590000000.0,20295000000.0,12295000000.0,8039000000.0,3094000000.0,,-444000000.0,444000000.0,2650000000.0,502000000.0,2148000000.0,,2129000000.0,1.28,0.3773,0.0953,0.0813,0.0653,0.0625,4090000000.0,3107000000.0,1.273,,1.2867,,1.2867,2148000000.0,,2148000000.0,0.1255,0.1155,MDLZ
2015-03-31 00:00:00,33365000000.0,21031000000.0,12334000000.0,8116000000.0,3210000000.0,,-354000000.0,354000000.0,2856000000.0,493000000.0,2363000000.0,,2345000000.0,1.4,0.3697,0.0962,0.0856,0.0703,0.0629,4239000000.0,3210000000.0,1.3881,,1.4029,,1.4029,2363000000.0,,2363000000.0,0.127,0.1156,MDLZ
2014-12-31 00:00:00,34244000000.0,21647000000.0,12597000000.0,8457000000.0,3242000000.0,,-688000000.0,688000000.0,2554000000.0,353000000.0,2201000000.0,,2184000000.0,1.3,0.3679,0.0947,0.0746,0.0638,0.0563,4301000000.0,3242000000.0,1.2878,,1.3016,,1.3016,2201000000.0,,2201000000.0,0.1256,0.104,MDLZ
2014-09-30 00:00:00,34902000000.0,21958000000.0,12944000000.0,8650000000.0,3663000000.0,,-1564000000.0,1564000000.0,2099000000.0,235000000.0,1864000000.0,,3450000000.0,2.01,0.3709,0.105,0.0601,0.0988,0.1378,4729000000.0,3663000000.0,1.0783,,2.0068,,1.0887,1864000000.0,,3467000000.0,0.1355,0.1823,MDLZ
2014-06-30 00:00:00,35037000000.0,22091000000.0,12946000000.0,8381000000.0,4072000000.0,,-2009000000.0,2009000000.0,2063000000.0,83000000.0,1980000000.0,,3563000000.0,2.06,0.3695,0.1162,0.0589,0.1017,0.1356,5150000000.0,4072000000.0,1.1167,,2.0446,,1.1265,1980000000.0,,3583000000.0,0.147,0.1815,MDLZ
2014-03-31 00:00:00,35196000000.0,22124000000.0,13072000000.0,8612000000.0,3980000000.0,,-2020000000.0,2020000000.0,1960000000.0,20000000.0,1940000000.0,,3542000000.0,2.03,0.3714,0.1131,0.0557,0.1006,0.1323,5053000000.0,3980000000.0,1.0756,,2.0023,,1.0842,1940000000.0,,3543000000.0,0.1436,0.1767,MDLZ
2013-12-31 00:00:00,35299000000.0,22189000000.0,13110000000.0,8679000000.0,3971000000.0,,-1579000000.0,1579000000.0,2392000000.0,60000000.0,2332000000.0,,3915000000.0,2.25,0.3714,0.1125,0.0678,0.1109,0.1397,5048000000.0,3971000000.0,1.2899,,2.2181,,1.3,2332000000.0,,3935000000.0,0.143,0.1816,MDLZ
2013-09-30 00:00:00,35306000000.0,22139000000.0,13167000000.0,8960000000.0,3920000000.0,,-1027000000.0,1027000000.0,2893000000.0,131000000.0,2762000000.0,,2722000000.0,1.54,0.3729,0.111,0.0819,0.0771,0.0473,5008000000.0,3920000000.0,1.5227,,1.5396,,1.5527,2762000000.0,,2744000000.0,0.1418,0.0834,MDLZ
2013-06-30 00:00:00,35160000000.0,22017000000.0,13143000000.0,9391000000.0,3496000000.0,,-1546000000.0,1546000000.0,1950000000.0,29000000.0,1921000000.0,,2362000000.0,1.33,0.3738,0.0994,0.0555,0.0672,0.052,4664000000.0,3496000000.0,1.0553,,1.3378,,1.0805,1921000000.0,,2385000000.0,0.1327,0.0891,MDLZ
2013-03-31 00:00:00,35092000000.0,21969000000.0,13123000000.0,9316000000.0,3568000000.0,,-1655000000.0,1655000000.0,1913000000.0,104000000.0,1809000000.0,,2790000000.0,1.57,0.374,0.1017,0.0545,0.0795,0.0858,4822000000.0,3568000000.0,0.9914,,1.583,,1.0138,1809000000.0,,2817000000.0,0.1374,0.1251,MDLZ
2012-12-31 00:00:00,35015000000.0,21939000000.0,13076000000.0,9176000000.0,3637000000.0,,-1863000000.0,1863000000.0,1774000000.0,168000000.0,1606000000.0,,3067000000.0,1.71,0.3734,0.1039,0.0507,0.0876,0.0699,4982000000.0,3637000000.0,0.88,0.83,1.7411,0.83,0.9,1606000000.0,1488000000.0,3094000000.0,0.1423,0.112,MDLZ
