Date,Revenue,Cost of Revenue,Gross Profit,R&D Expenses,SG&A Expenses,Operating Income,Interest Expense (Operating),Non-operating Income/Expense,Non-operating Interest Expenses,Income (Other),EBT,Income Tax Provision,Income after Tax,Net Income Common,EPS (Basic),Gross Margin,EBIT Margin,EBT margin,Net Profit Margin,Free Cash Flow Margin,EBITDA,EBIT,"EPS (Diluted, from Cont. Ops)","EPS (Basic, Consolidated)","EPS (Basic, from Continuous Ops)",Income from Continuous Operations,Consolidated Net Income/Loss,EBITDA Margin,Operating Cash Flow Margin,Ticker
2022-09-30 00:00:00,34762000000.0,19419000000.0,15343000000.0,1883000000.0,8727000000.0,7523000000.0,455000000.0,3039000000.0,44000000.0,6000000.0,7359000000.0,777000000.0,6582000000.0,6575000000.0,11.48,0.4414,0.2164,0.2117,0.1891,0.1135,6637000000.0,7523000000.0,11.4995,11.5451,11.5451,6588000000.0,6588000000.0,0.1909,0.1632,MMM
2022-06-30 00:00:00,35085000000.0,19479000000.0,15606000000.0,1902000000.0,8506000000.0,5155000000.0,452000000.0,357000000.0,33000000.0,8000000.0,4984000000.0,830000000.0,4154000000.0,4150000000.0,7.16,0.4448,0.1469,0.1421,0.1183,0.1247,7128000000.0,5155000000.0,7.1733,7.2329,7.2329,4162000000.0,4162000000.0,0.2032,0.1715,MMM
2022-03-31 00:00:00,35333000000.0,19079000000.0,16254000000.0,1940000000.0,7229000000.0,7016000000.0,452000000.0,250000000.0,30000000.0,11000000.0,6862000000.0,1268000000.0,5594000000.0,5596000000.0,9.64,0.46,0.1986,0.1942,0.1584,0.1453,9025000000.0,7016000000.0,9.621,9.7141,9.7141,5605000000.0,5605000000.0,0.2554,0.1918,MMM
2021-12-31 00:00:00,35355000000.0,18767000000.0,16588000000.0,1990000000.0,7155000000.0,7369000000.0,457000000.0,136000000.0,26000000.0,10000000.0,7204000000.0,1285000000.0,5919000000.0,5921000000.0,10.18,0.4692,0.2084,0.2038,0.1675,0.1669,9372000000.0,7369000000.0,10.1299,10.2401,10.2401,5929000000.0,5929000000.0,0.2651,0.2108,MMM
2021-09-30 00:00:00,35326000000.0,18464000000.0,16862000000.0,1974000000.0,7221000000.0,7602000000.0,524000000.0,-53000000.0,23000000.0,3000000.0,7371000000.0,1379000000.0,5992000000.0,5987000000.0,10.27,0.4773,0.2152,0.2087,0.1695,0.1879,9573000000.0,7602000000.0,10.2246,10.3365,10.3365,5995000000.0,5995000000.0,0.271,0.2254,MMM
2021-06-30 00:00:00,34734000000.0,17935000000.0,16799000000.0,1955000000.0,7121000000.0,7723000000.0,600000000.0,-283000000.0,22000000.0,-2000000.0,7440000000.0,1446000000.0,5994000000.0,5983000000.0,10.27,0.4836,0.2223,0.2142,0.1723,0.2082,9634000000.0,7723000000.0,10.2358,10.339,10.339,5992000000.0,5992000000.0,0.2774,0.2467,MMM
2021-03-31 00:00:00,32960000000.0,17021000000.0,15939000000.0,1865000000.0,6969000000.0,7492000000.0,599000000.0,-340000000.0,23000000.0,,7152000000.0,1378000000.0,5774000000.0,5765000000.0,9.89,0.4836,0.2273,0.217,0.1749,0.2203,9423000000.0,7492000000.0,9.8884,9.9724,9.9724,5770000000.0,5770000000.0,0.2859,0.2606,MMM
2020-12-31 00:00:00,32184000000.0,16605000000.0,15579000000.0,1878000000.0,6929000000.0,7161000000.0,563000000.0,-366000000.0,29000000.0,,6795000000.0,1337000000.0,5458000000.0,5449000000.0,9.33,0.4841,0.2225,0.2111,0.1693,0.2094,9072000000.0,7161000000.0,9.3662,9.4408,9.4408,5453000000.0,5453000000.0,0.2819,0.2521,MMM
2020-09-30 00:00:00,31712000000.0,16542000000.0,15170000000.0,1943000000.0,6979000000.0,6637000000.0,519000000.0,-430000000.0,40000000.0,,6207000000.0,1242000000.0,4965000000.0,4960000000.0,8.61,0.4784,0.2093,0.1957,0.1564,0.2012,8513000000.0,6637000000.0,8.5281,8.6018,8.6018,4964000000.0,4964000000.0,0.2684,0.2503,MMM
2020-06-30 00:00:00,31353000000.0,16427000000.0,14926000000.0,1925000000.0,6757000000.0,6739000000.0,,-392000000.0,85000000.0,,6347000000.0,1229000000.0,5118000000.0,5113000000.0,8.91,0.4761,0.2149,0.2024,0.1631,0.1919,8513000000.0,6739000000.0,8.7897,8.8746,8.8746,5118000000.0,5118000000.0,0.2715,0.2385,MMM
2020-03-31 00:00:00,32348000000.0,16935000000.0,15413000000.0,1971000000.0,6849000000.0,6701000000.0,,-558000000.0,114000000.0,,6143000000.0,1197000000.0,4946000000.0,4934000000.0,8.62,0.4765,0.2072,0.1899,0.1525,0.177,8359000000.0,6701000000.0,8.4759,8.5742,8.5742,4946000000.0,4946000000.0,0.2584,0.2237,MMM
2019-12-31 00:00:00,32136000000.0,17136000000.0,15000000000.0,1911000000.0,7029000000.0,6174000000.0,,-531000000.0,151000000.0,,5643000000.0,1114000000.0,4529000000.0,4517000000.0,7.92,0.4668,0.1921,0.1756,0.1406,0.171,7767000000.0,6174000000.0,7.7405,7.8493,7.8493,4529000000.0,4529000000.0,0.2417,0.22,MMM
2019-09-30 00:00:00,31970000000.0,16871000000.0,15099000000.0,1827000000.0,6771000000.0,6632000000.0,,-412000000.0,,,6220000000.0,1259000000.0,4961000000.0,4948000000.0,8.56,0.4723,0.2074,0.1946,0.1548,0.1723,8133000000.0,6632000000.0,8.4252,8.5668,8.5668,4961000000.0,4961000000.0,0.2544,0.2186,MMM
2019-06-30 00:00:00,32131000000.0,16842000000.0,15289000000.0,1814000000.0,6863000000.0,6637000000.0,,-418000000.0,,,6219000000.0,1300000000.0,4919000000.0,4908000000.0,8.45,0.4758,0.2066,0.1936,0.1527,0.1729,8114000000.0,6637000000.0,8.285,8.4522,8.4522,4919000000.0,4919000000.0,0.2525,0.2212,MMM
2019-03-31 00:00:00,32350000000.0,16756000000.0,15594000000.0,1812000000.0,6977000000.0,7336000000.0,,-213000000.0,,,7123000000.0,1473000000.0,5650000000.0,5638000000.0,9.64,0.482,0.2268,0.2202,0.1743,0.1811,8817000000.0,7336000000.0,9.4371,9.6429,9.6429,5650000000.0,5650000000.0,0.2726,0.227,MMM
2018-12-31 00:00:00,32765000000.0,16682000000.0,16083000000.0,1821000000.0,7602000000.0,7207000000.0,,-207000000.0,,,7000000000.0,1637000000.0,5363000000.0,5349000000.0,9.11,0.4909,0.22,0.2136,0.1633,0.1564,8695000000.0,7207000000.0,8.9088,9.113,9.113,5363000000.0,5363000000.0,0.2654,0.1965,MMM
2018-09-30 00:00:00,32810000000.0,16716000000.0,16094000000.0,1832000000.0,7675000000.0,7213000000.0,,-261000000.0,,,6952000000.0,2413000000.0,4539000000.0,4525000000.0,7.67,0.4905,0.2198,0.2119,0.1379,0.1436,8679000000.0,7213000000.0,7.5093,7.6888,7.6888,4539000000.0,4539000000.0,0.2645,0.1841,MMM
2018-06-30 00:00:00,32830000000.0,16616000000.0,16214000000.0,1870000000.0,7765000000.0,7205000000.0,,-221000000.0,,,6984000000.0,2558000000.0,4426000000.0,4411000000.0,7.42,0.4939,0.2195,0.2127,0.1344,0.1319,8693000000.0,7205000000.0,7.2645,7.4467,7.4467,4426000000.0,4426000000.0,0.2648,0.1722,MMM
2018-03-31 00:00:00,32250000000.0,16409000000.0,15841000000.0,1880000000.0,7585000000.0,6957000000.0,,-181000000.0,,,6776000000.0,2627000000.0,4149000000.0,4137000000.0,6.93,0.4912,0.2157,0.2101,0.1283,0.1282,8445000000.0,6957000000.0,6.7692,6.9483,6.9483,4149000000.0,4149000000.0,0.2619,0.1673,MMM
2017-12-31 00:00:00,31657000000.0,16055000000.0,15602000000.0,1870000000.0,6626000000.0,7692000000.0,,-144000000.0,,,7548000000.0,2679000000.0,4869000000.0,4858000000.0,8.13,0.4928,0.243,0.2384,0.1535,0.1553,9236000000.0,7692000000.0,7.9468,8.1489,8.1489,4869000000.0,4869000000.0,0.2918,0.1971,MMM
2017-09-30 00:00:00,30996000000.0,15755000000.0,15241000000.0,1872000000.0,6598000000.0,7372000000.0,,114000000.0,,,7486000000.0,1986000000.0,5500000000.0,5490000000.0,9.18,0.4917,0.2378,0.2415,0.1771,0.1709,8951000000.0,7372000000.0,8.9768,9.1927,9.1927,5500000000.0,5500000000.0,0.2888,0.2126,MMM
2017-06-30 00:00:00,30533000000.0,15543000000.0,14990000000.0,1831000000.0,6492000000.0,7268000000.0,,83000000.0,,,7351000000.0,1953000000.0,5398000000.0,5390000000.0,8.99,0.4909,0.238,0.2408,0.1765,0.1778,8838000000.0,7268000000.0,8.7889,8.997,8.997,5398000000.0,5398000000.0,0.2895,0.221,MMM
2017-03-31 00:00:00,30385000000.0,15322000000.0,15063000000.0,1790000000.0,6432000000.0,6981000000.0,,63000000.0,,,7044000000.0,1938000000.0,5106000000.0,5098000000.0,8.47,0.4957,0.2298,0.2318,0.1678,0.1658,8537000000.0,6981000000.0,8.2849,8.4774,8.4774,5106000000.0,5106000000.0,0.281,0.2103,MMM
2016-12-31 00:00:00,30109000000.0,15118000000.0,14991000000.0,1764000000.0,6311000000.0,7027000000.0,,26000000.0,,,7053000000.0,1995000000.0,5058000000.0,5050000000.0,8.36,0.4979,0.2334,0.2342,0.1677,0.176,8501000000.0,7027000000.0,8.1752,8.3645,8.3645,5058000000.0,5058000000.0,0.2823,0.2213,MMM
2016-09-30 00:00:00,30078000000.0,15151000000.0,14927000000.0,1747000000.0,6169000000.0,7058000000.0,,-152000000.0,173000000.0,,6906000000.0,1965000000.0,4941000000.0,4933000000.0,8.12,0.4963,0.2347,0.2296,0.164,0.1794,8545000000.0,7058000000.0,7.9549,8.1317,8.1317,4941000000.0,4941000000.0,0.2841,0.2258,MMM
2016-06-30 00:00:00,30081000000.0,15181000000.0,14900000000.0,1749000000.0,6168000000.0,7030000000.0,,-141000000.0,158000000.0,,6889000000.0,1981000000.0,4908000000.0,4900000000.0,8.01,0.4953,0.2337,0.229,0.1629,0.1711,8504000000.0,7030000000.0,7.8604,8.021,8.021,4908000000.0,4908000000.0,0.2827,0.2176,MMM
2016-03-31 00:00:00,30105000000.0,15240000000.0,14865000000.0,1750000000.0,6158000000.0,7004000000.0,,-138000000.0,151000000.0,,6866000000.0,1948000000.0,4918000000.0,4909000000.0,7.94,0.4938,0.2327,0.2281,0.1631,0.1715,8456000000.0,7004000000.0,7.8043,7.9545,7.9545,4918000000.0,4918000000.0,0.2809,0.2192,MMM
2015-12-31 00:00:00,30274000000.0,15383000000.0,14891000000.0,1763000000.0,6229000000.0,6946000000.0,,-123000000.0,,,6823000000.0,1982000000.0,4841000000.0,4833000000.0,7.72,0.4919,0.2294,0.2254,0.1596,0.1649,8381000000.0,6946000000.0,7.5973,7.7382,7.7382,4841000000.0,4841000000.0,0.2768,0.2121,MMM
2015-09-30 00:00:00,30695000000.0,15583000000.0,15112000000.0,1766000000.0,6238000000.0,7108000000.0,,-110000000.0,136000000.0,,6998000000.0,2017000000.0,4981000000.0,4974000000.0,7.88,0.4923,0.2316,0.228,0.162,0.1562,8496000000.0,7108000000.0,7.7433,7.8907,7.8907,4981000000.0,4981000000.0,0.2768,0.2041,MMM
2015-06-30 00:00:00,31120000000.0,15911000000.0,15209000000.0,1771000000.0,6305000000.0,7133000000.0,,-100000000.0,126000000.0,,7033000000.0,2039000000.0,4994000000.0,4981000000.0,7.81,0.4887,0.2292,0.226,0.1601,0.1576,8516000000.0,7133000000.0,7.6796,7.8308,7.8308,4994000000.0,4994000000.0,0.2737,0.2028,MMM
2015-03-31 00:00:00,31568000000.0,16237000000.0,15331000000.0,1781000000.0,6401000000.0,7149000000.0,,-108000000.0,136000000.0,,7041000000.0,2067000000.0,4974000000.0,4948000000.0,7.69,0.4857,0.2265,0.223,0.1567,0.1666,8546000000.0,7149000000.0,7.5837,7.7346,7.7346,4974000000.0,4974000000.0,0.2707,0.2095,MMM
2014-12-31 00:00:00,31821000000.0,16447000000.0,15374000000.0,1770000000.0,6469000000.0,7135000000.0,,-109000000.0,142000000.0,,7026000000.0,2028000000.0,4998000000.0,4956000000.0,7.64,0.4831,0.2242,0.2208,0.1557,0.1656,8543000000.0,7135000000.0,7.5499,7.6987,7.6987,4998000000.0,4998000000.0,0.2685,0.2082,MMM
2014-09-30 00:00:00,31671000000.0,16396000000.0,15275000000.0,1772000000.0,6451000000.0,7052000000.0,,-106000000.0,142000000.0,,6946000000.0,2011000000.0,4935000000.0,4880000000.0,7.44,0.4823,0.2227,0.2193,0.1541,0.1594,8467000000.0,7052000000.0,7.3775,7.5209,7.5209,4935000000.0,4935000000.0,0.2673,0.2032,MMM
2014-06-30 00:00:00,31450000000.0,16339000000.0,15111000000.0,1758000000.0,6463000000.0,6890000000.0,,-108000000.0,147000000.0,,6782000000.0,1913000000.0,4869000000.0,4807000000.0,7.23,0.4805,0.2191,0.2156,0.1528,0.1413,8298000000.0,6890000000.0,7.1845,7.3207,7.3207,4869000000.0,4869000000.0,0.2638,0.1868,MMM
2014-03-31 00:00:00,31068000000.0,16168000000.0,14900000000.0,1737000000.0,6427000000.0,6736000000.0,,-103000000.0,143000000.0,,6633000000.0,1834000000.0,4799000000.0,4737000000.0,7.03,0.4796,0.2168,0.2135,0.1525,0.1417,8121000000.0,6736000000.0,6.9891,7.1155,7.1155,4799000000.0,4799000000.0,0.2614,0.1904,MMM
2013-12-31 00:00:00,30871000000.0,16106000000.0,14765000000.0,1715000000.0,6384000000.0,6666000000.0,,-104000000.0,145000000.0,,6562000000.0,1841000000.0,4721000000.0,4659000000.0,6.83,0.4783,0.2159,0.2126,0.1509,0.1386,8037000000.0,6666000000.0,6.8066,6.9233,6.9233,4721000000.0,4721000000.0,0.2603,0.1884,MMM
2013-09-30 00:00:00,30689000000.0,16121000000.0,14568000000.0,1695000000.0,6343000000.0,6530000000.0,,-117000000.0,157000000.0,,6413000000.0,1804000000.0,4609000000.0,4547000000.0,6.61,0.4747,0.2128,0.209,0.1482,0.1318,7876000000.0,6530000000.0,6.6003,6.7062,6.7062,4609000000.0,4609000000.0,0.2566,0.1812,MMM
2013-06-30 00:00:00,30270000000.0,15908000000.0,14362000000.0,1672000000.0,6221000000.0,6469000000.0,,-128000000.0,168000000.0,,6341000000.0,1797000000.0,4544000000.0,4478000000.0,6.48,0.4745,0.2137,0.2095,0.1479,0.1395,7794000000.0,6469000000.0,6.4789,6.5775,6.5775,4544000000.0,4544000000.0,0.2575,0.1902,MMM
2013-03-31 00:00:00,30052000000.0,15765000000.0,14287000000.0,1653000000.0,6139000000.0,6495000000.0,,-130000000.0,170000000.0,,6365000000.0,1848000000.0,4517000000.0,4448000000.0,6.42,0.4754,0.2161,0.2118,0.148,0.132,7806000000.0,6495000000.0,6.4318,6.5231,6.5231,4517000000.0,4517000000.0,0.2597,0.1819,MMM
2012-12-31 00:00:00,29904000000.0,15685000000.0,14219000000.0,1634000000.0,6102000000.0,6483000000.0,,-132000000.0,171000000.0,,6351000000.0,1840000000.0,4511000000.0,4444000000.0,6.4,0.4755,0.2168,0.2124,0.1486,0.129,7771000000.0,6483000000.0,6.414,6.5009,6.5009,4511000000.0,4511000000.0,0.2599,0.1772,MMM
