Date,Revenue,Cost of Revenue,Gross Profit,SG&A Expenses,Operating Income,Non-operating Income/Expense,Non-operating Interest Expenses,EBT,Income Tax Provision,Income after Tax,Net Income Common,EPS (Basic),Gross Margin,EBIT Margin,EBT margin,Net Profit Margin,Free Cash Flow Margin,EBITDA,EBIT,"EPS (Diluted, from Cont. Ops)","EPS (Diluted, from Disc. Ops)","EPS (Basic, Consolidated)","EPS (Basic, from Discontinued Ops)","EPS (Basic, from Continuous Ops)",Income from Continuous Operations,Income from Discontinued Operations,Consolidated Net Income/Loss,EBITDA Margin,Operating Cash Flow Margin,Ticker
2022-09-30 00:00:00,31160000000.0,26545000000.0,4615000000.0,2261000000.0,1259000000.0,-138000000.0,113000000.0,1121000000.0,282000000.0,839000000.0,839000000.0,14.38,0.1481,0.0404,0.036,0.0269,0.0475,1423000000.0,1259000000.0,14.3296,,14.5017,,14.5017,839000000.0,,839000000.0,0.0457,0.0508,MOH
2022-06-30 00:00:00,30273000000.0,25846000000.0,4427000000.0,2233000000.0,1145000000.0,-140000000.0,115000000.0,1005000000.0,253000000.0,752000000.0,752000000.0,12.87,0.1462,0.0378,0.0332,0.0248,0.0559,1296000000.0,1145000000.0,12.8289,,12.9826,,12.9826,752000000.0,,752000000.0,0.0428,0.0591,MOH
2022-03-31 00:00:00,29019000000.0,24793000000.0,4226000000.0,2166000000.0,1057000000.0,-143000000.0,118000000.0,914000000.0,225000000.0,689000000.0,689000000.0,11.78,0.1456,0.0364,0.0315,0.0237,0.0631,1195000000.0,1057000000.0,11.7501,,11.8981,,11.8981,689000000.0,,689000000.0,0.0412,0.066,MOH
2021-12-31 00:00:00,27771000000.0,23704000000.0,4067000000.0,2068000000.0,1020000000.0,-145000000.0,120000000.0,875000000.0,216000000.0,659000000.0,659000000.0,11.27,0.1464,0.0367,0.0315,0.0237,0.0735,1151000000.0,1020000000.0,11.2457,,11.4013,,11.4013,659000000.0,,659000000.0,0.0414,0.0763,MOH
2021-09-30 00:00:00,25597000000.0,21750000000.0,3847000000.0,1939000000.0,920000000.0,-130000000.0,120000000.0,790000000.0,200000000.0,590000000.0,590000000.0,10.05,0.1503,0.0359,0.0309,0.023,0.1076,1040000000.0,920000000.0,10.0699,,10.2202,,10.2202,590000000.0,,590000000.0,0.0406,0.1102,MOH
2021-06-30 00:00:00,23578000000.0,19799000000.0,3779000000.0,1775000000.0,988000000.0,-127000000.0,117000000.0,861000000.0,229000000.0,632000000.0,632000000.0,10.71,0.1603,0.0419,0.0365,0.0268,0.0909,1099000000.0,988000000.0,10.7295,,10.8978,,10.8978,632000000.0,,632000000.0,0.0466,0.0934,MOH
2021-03-31 00:00:00,21396000000.0,17578000000.0,3818000000.0,1636000000.0,1139000000.0,-126000000.0,111000000.0,1013000000.0,290000000.0,723000000.0,723000000.0,12.2,0.1784,0.0532,0.0473,0.0338,0.1053,1240000000.0,1139000000.0,12.2082,,12.4015,,12.4015,723000000.0,,723000000.0,0.058,0.1086,MOH
2020-12-31 00:00:00,19423000000.0,15820000000.0,3603000000.0,1480000000.0,1078000000.0,-117000000.0,102000000.0,961000000.0,288000000.0,673000000.0,673000000.0,11.23,0.1855,0.0555,0.0495,0.0346,0.0939,1166000000.0,1078000000.0,11.2354,,11.4068,,11.4068,673000000.0,,673000000.0,0.06,0.0977,MOH
2020-09-30 00:00:00,18462000000.0,14957000000.0,3505000000.0,1373000000.0,1229000000.0,-97000000.0,92000000.0,1132000000.0,325000000.0,807000000.0,807000000.0,13.34,0.1898,0.0666,0.0613,0.0437,0.0295,1314000000.0,1229000000.0,13.3432,,13.5091,,13.5091,807000000.0,,807000000.0,0.0712,0.0344,MOH
2020-06-30 00:00:00,17684000000.0,14382000000.0,3302000000.0,1328000000.0,1197000000.0,-94000000.0,87000000.0,1103000000.0,306000000.0,797000000.0,797000000.0,12.99,0.1867,0.0677,0.0624,0.0451,0.0539,1280000000.0,1197000000.0,12.9908,,13.171,,13.171,797000000.0,,797000000.0,0.0724,0.0585,MOH
2020-03-31 00:00:00,17259000000.0,14250000000.0,3009000000.0,1311000000.0,1038000000.0,-73000000.0,85000000.0,965000000.0,248000000.0,717000000.0,717000000.0,11.4,0.1743,0.0601,0.0559,0.0415,0.0148,1122000000.0,1038000000.0,11.4068,,11.6173,,11.6173,717000000.0,,717000000.0,0.065,0.019,MOH
2019-12-31 00:00:00,16829000000.0,13905000000.0,2924000000.0,1296000000.0,1044000000.0,-72000000.0,87000000.0,972000000.0,235000000.0,737000000.0,737000000.0,11.47,0.1737,0.062,0.0578,0.0438,0.0224,1133000000.0,1044000000.0,11.4797,,11.8489,,11.8489,737000000.0,,737000000.0,0.0673,0.0258,MOH
2019-09-30 00:00:00,17219000000.0,14150000000.0,3069000000.0,1288000000.0,1074000000.0,-68000000.0,91000000.0,1006000000.0,236000000.0,770000000.0,770000000.0,11.81,0.1782,0.0624,0.0584,0.0447,0.0139,1147000000.0,1074000000.0,11.7863,,12.4446,,12.4446,770000000.0,,770000000.0,0.0666,0.016,MOH
2019-06-30 00:00:00,17673000000.0,14528000000.0,3145000000.0,1276000000.0,1112000000.0,-80000000.0,95000000.0,1032000000.0,240000000.0,792000000.0,792000000.0,11.96,0.178,0.0629,0.0584,0.0448,-0.0287,1200000000.0,1112000000.0,11.936,,12.8448,,12.8448,792000000.0,,792000000.0,0.0679,-0.0267,MOH
2019-03-31 00:00:00,18363000000.0,15030000000.0,3333000000.0,1283000000.0,1189000000.0,-109000000.0,105000000.0,1080000000.0,282000000.0,798000000.0,798000000.0,11.92,0.1815,0.0647,0.0588,0.0435,-0.0267,1297000000.0,1189000000.0,11.902,,12.9893,,12.9893,798000000.0,,798000000.0,0.0706,-0.025,MOH
2018-12-31 00:00:00,18890000000.0,15501000000.0,3389000000.0,1333000000.0,1131000000.0,-132000000.0,115000000.0,999000000.0,292000000.0,707000000.0,707000000.0,10.57,0.1794,0.0599,0.0529,0.0374,-0.0182,1258000000.0,1131000000.0,10.5522,,11.5902,,11.5902,707000000.0,,707000000.0,0.0666,-0.0166,MOH
2018-09-30 00:00:00,19175000000.0,16085000000.0,3090000000.0,1365000000.0,590000000.0,-163000000.0,124000000.0,427000000.0,183000000.0,244000000.0,244000000.0,2.97,0.1611,0.0308,0.0223,0.0127,-0.0192,759000000.0,590000000.0,2.877,,3.6098,,3.6098,244000000.0,,244000000.0,0.0396,-0.0179,MOH
2018-06-30 00:00:00,19509000000.0,16527000000.0,2982000000.0,1437000000.0,214000000.0,-159000000.0,130000000.0,55000000.0,105000000.0,-50000000.0,-50000000.0,-1.63,0.1529,0.011,0.0028,-0.0026,0.0208,398000000.0,214000000.0,-1.7411,,-1.3207,,-1.3207,-50000000.0,,-50000000.0,0.0204,0.0229,MOH
2018-03-31 00:00:00,19625000000.0,17174000000.0,2451000000.0,1507000000.0,-415000000.0,-149000000.0,125000000.0,-564000000.0,-82000000.0,-482000000.0,-482000000.0,-8.75,0.1249,-0.0211,-0.0287,-0.0246,0.0211,-210000000.0,-415000000.0,-8.8767,,-8.7285,,-8.7285,-482000000.0,,-482000000.0,-0.0107,0.0244,MOH
2017-12-31 00:00:00,19883000000.0,17565000000.0,2318000000.0,1594000000.0,-555000000.0,-57000000.0,118000000.0,-612000000.0,-100000000.0,-512000000.0,-512000000.0,-9.02,0.1166,-0.0279,-0.0308,-0.0258,0.0361,-345000000.0,-555000000.0,-9.1428,,-9.1428,,-9.1428,-512000000.0,,-512000000.0,-0.0174,0.0404,MOH
2017-09-30 00:00:00,19468000000.0,17158000000.0,2310000000.0,1586000000.0,-292000000.0,-35000000.0,110000000.0,-327000000.0,-30000000.0,-297000000.0,-297000000.0,-6.07,0.1187,-0.015,-0.0168,-0.0153,0.0452,-105000000.0,-292000000.0,-5.2947,,-5.2966,,-5.2966,-297000000.0,,-297000000.0,-0.0054,0.0512,MOH
2017-06-30 00:00:00,18983000000.0,16682000000.0,2301000000.0,1546000000.0,-93000000.0,-29000000.0,104000000.0,-122000000.0,36000000.0,-158000000.0,-158000000.0,-3.61,0.1212,-0.0049,-0.0064,-0.0083,0.0491,112000000.0,-93000000.0,-2.8279,,-2.8298,,-2.8298,-158000000.0,,-158000000.0,0.0059,0.0562,MOH
2017-03-31 00:00:00,18343000000.0,15777000000.0,2566000000.0,1492000000.0,299000000.0,-27000000.0,102000000.0,272000000.0,167000000.0,105000000.0,105000000.0,1.07,0.1399,0.0163,0.0148,0.0057,0.0598,486000000.0,299000000.0,1.8792,,1.8773,,1.8773,105000000.0,,105000000.0,0.0265,0.0683,MOH
2016-12-31 00:00:00,17782000000.0,15259000000.0,2523000000.0,1393000000.0,306000000.0,-101000000.0,101000000.0,205000000.0,153000000.0,52000000.0,52000000.0,0.13,0.1419,0.0172,0.0115,0.0029,0.0279,488000000.0,306000000.0,0.9253,,0.9387,,0.9387,52000000.0,,52000000.0,0.0274,0.0378,MOH
2016-09-30 00:00:00,17119000000.0,14595000000.0,2524000000.0,1350000000.0,388000000.0,-96000000.0,97000000.0,292000000.0,163000000.0,129000000.0,129000000.0,2.28,0.1474,0.0227,0.0171,0.0075,0.0396,587000000.0,388000000.0,2.2758,,2.3486,,2.3486,129000000.0,,129000000.0,0.0343,0.0498,MOH
2016-06-30 00:00:00,16184000000.0,13778000000.0,2406000000.0,1294000000.0,383000000.0,-85000000.0,86000000.0,298000000.0,165000000.0,133000000.0,133000000.0,2.29,0.1487,0.0237,0.0184,0.0082,0.0363,551000000.0,383000000.0,2.2925,,2.435,,2.435,133000000.0,,133000000.0,0.034,0.0467,MOH
2016-03-31 00:00:00,15350000000.0,13030000000.0,2320000000.0,1230000000.0,394000000.0,-75000000.0,76000000.0,319000000.0,180000000.0,139000000.0,139000000.0,2.43,0.1511,0.0257,0.0208,0.0091,0.0363,554000000.0,394000000.0,2.4147,,2.615,,2.615,139000000.0,,139000000.0,0.0361,0.0463,MOH
2015-12-31 00:00:00,14178000000.0,11987000000.0,2191000000.0,1146000000.0,387000000.0,-65000000.0,66000000.0,322000000.0,179000000.0,143000000.0,143000000.0,2.56,0.1545,0.0273,0.0227,0.0101,0.07,543000000.0,387000000.0,2.5536,,2.75,,2.75,143000000.0,,143000000.0,0.0383,0.0793,MOH
2015-09-30 00:00:00,13108367000.0,11045375000.0,2062991500.0,1034795000.0,407527100.0,-59956000.0,59766000.0,347571000.0,201216000.0,146355000.0,146569000.0,2.74,0.1574,0.0311,0.0265,0.0112,0.0748,563868100.0,407526900.0,2.7589,,2.8973,,2.9078,146355000.0,,146569000.0,0.043,0.0858,MOH
2015-06-30 00:00:00,11981718000.0,10133278000.0,1848439500.0,926674000.0,334306200.0,-60238000.0,59185000.0,274068000.0,157643000.0,116425000.0,116691000.0,2.3,0.1543,0.0279,0.0229,0.0097,0.1109,506652200.0,334306000.0,2.3222,,2.404,,2.4114,116425000.0,,116691000.0,0.0423,0.1229,MOH
2015-03-31 00:00:00,10768757000.0,9142684000.0,1626072600.0,832913000.0,250733500.0,-59222000.0,58178000.0,191511000.0,106345000.0,85166000.0,85502000.0,1.74,0.151,0.0233,0.0178,0.0079,0.1189,412065500.0,250733300.0,1.76,,1.7928,,1.8014,85166000.0,,85502000.0,0.0383,0.1303,MOH
2014-12-31 00:00:00,9667000000.0,8232999000.0,1434000600.0,765000000.0,193000400.0,-58000000.0,57000000.0,135000000.0,73000000.0,62000000.0,62000000.0,1.27,0.1483,0.02,0.014,0.0064,0.0978,354000300.0,193000200.0,1.3,-0.0099,1.3191,-0.01,1.34,62000000.0,,62000000.0,0.0366,0.1097,MOH
2014-09-30 00:00:00,8571321000.0,7327602000.0,1243719200.0,747215000.0,94228700.0,-57461000.0,55998000.0,36767000.0,16993000.0,19774000.0,19376000.0,0.38,0.1451,0.011,0.0043,0.0023,0.095,223724600.0,94228400.0,0.4,-0.0177,0.4049,-0.0078,0.42,19774000.0,-398000.0,19376000.0,0.0261,0.1073,MOH
2014-06-30 00:00:00,7774049000.0,6613025000.0,1161024100.0,744569000.0,79375500.0,-55687000.0,55111000.0,23688000.0,12431000.0,11257000.0,10823000.0,0.22,0.1493,0.0102,0.003,0.0014,0.0562,188458400.0,79375200.0,0.23,-0.0185,0.2274,-0.0085,0.25,11257000.0,-434000.0,10823000.0,0.0242,0.0691,MOH
2014-03-31 00:00:00,7067844000.0,5975630000.0,1092214000.0,712809000.0,93394100.0,-56872000.0,52785000.0,36522000.0,17210000.0,19312000.0,27583000.0,0.6,0.1545,0.0132,0.0052,0.0039,0.0391,198790000.0,93393800.0,0.41,0.17,0.5993,0.18,0.43,19312000.0,8271000.0,27583000.0,0.0281,0.0539,MOH
2013-12-31 00:00:00,6589000000.0,5541000000.0,1048000000.0,666000000.0,137000300.0,-56000000.0,52000000.0,81000000.0,36000000.0,45000000.0,53000000.0,1.16,0.1591,0.0208,0.0123,0.008,0.014,231000300.0,137000000.0,0.96,0.17,1.1522,0.18,0.98,45000000.0,8000000.0,53000000.0,0.0351,0.0288,MOH
2013-09-30 00:00:00,6404621000.0,5350731000.0,1053890000.0,623277000.0,193979800.0,-45606000.0,42584000.0,148374000.0,66504000.0,81870000.0,87698000.0,1.91,0.1646,0.0303,0.0232,0.0137,0.0165,294154800.0,193979800.0,1.7542,0.1303,1.9072,0.1204,1.7867,81870000.0,5828000.0,87698000.0,0.0459,0.0305,MOH
2013-06-30 00:00:00,6257692000.0,5284400000.0,973292100.0,574079000.0,171421800.0,-36597000.0,33367000.0,134825000.0,60673000.0,74152000.0,83493000.0,1.81,0.1555,0.0274,0.0215,0.0133,-0.0128,261643800.0,171421800.0,1.5842,0.21,1.8139,0.2,1.6067,74152000.0,9341000.0,83493000.0,0.0418,0.0,MOH
2013-03-31 00:00:00,6131021000.0,5298599000.0,832422100.0,538419000.0,75546000.0,-26322000.0,25508000.0,49224000.0,23925000.0,25299000.0,21616000.0,0.47,0.1358,0.0123,0.008,0.0035,0.0394,168077000.0,75546000.0,0.5342,-0.07,0.4684,-0.08,0.5467,25299000.0,-3683000.0,21616000.0,0.0274,0.0518,MOH
2012-12-31 00:00:00,5914209000.0,5132396000.0,781813100.0,518615000.0,41092800.0,-17714000.0,16769000.0,23379000.0,10513000.0,12866000.0,9790000.0,0.21,0.1322,0.0069,0.004,0.0017,0.0456,125798800.0,41092800.0,0.27,,0.2111,,0.28,12866000.0,,9790000.0,0.0213,0.0588,MOH
