Date,Revenue,Cost of Revenue,Gross Profit,R&D Expenses,SG&A Expenses,Operating Income,Interest Expense (Operating),Non-operating Income/Expense,Non-operating Interest Expenses,EBT,Income Tax Provision,Income after Tax,Net Income Common,EPS (Basic),Gross Margin,EBIT Margin,EBT margin,Net Profit Margin,Free Cash Flow Margin,EBITDA,EBIT,"EPS (Diluted, from Cont. Ops)","EPS (Diluted, from Disc. Ops)","EPS (Basic, Consolidated)","EPS (Basic, from Discontinued Ops)","EPS (Basic, from Continuous Ops)",Income from Continuous Operations,Income from Discontinued Operations,Consolidated Net Income/Loss,EBITDA Margin,Operating Cash Flow Margin,Ticker
2022-09-30 00:00:00,59924000000.0,17189000000.0,42735000000.0,12820000000.0,10185000000.0,18546000000.0,936000000.0,481000000.0,71000000.0,16840000000.0,1507000000.0,15333000000.0,15260000000.0,6.01,0.7132,0.3095,0.281,0.2547,0.2545,23582000000.0,18546000000.0,6.03,,6.2079,,6.05,15333000000.0,,15333000000.0,0.3935,0.3287,MRK
2022-06-30 00:00:00,57822000000.0,16711000000.0,41111000000.0,10736000000.0,9996000000.0,19363000000.0,888000000.0,624000000.0,38000000.0,18523000000.0,1872000000.0,16651000000.0,16579000000.0,6.53,0.711,0.3349,0.3203,0.2867,0.249,24005000000.0,19363000000.0,6.55,,6.7304,,6.58,16651000000.0,,16651000000.0,0.4152,0.3267,MRK
2022-03-31 00:00:00,54423000000.0,15666000000.0,38757000000.0,12281000000.0,9765000000.0,15992000000.0,850000000.0,574000000.0,32000000.0,15753000000.0,1837000000.0,13916000000.0,14180000000.0,5.59,0.7121,0.2938,0.2895,0.2606,0.2247,20100000000.0,15992000000.0,5.48,,5.7804,,5.5,13916000000.0,,14248000000.0,0.3693,0.3046,MRK
2021-12-31 00:00:00,49080000000.0,13531000000.0,35549000000.0,12124000000.0,9629000000.0,13199000000.0,807000000.0,490000000.0,36000000.0,13879000000.0,1521000000.0,12358000000.0,13049000000.0,5.14,0.7243,0.2689,0.2828,0.2659,0.1754,17020000000.0,13199000000.0,4.86,0.78,5.1628,0.79,4.88,12358000000.0,2591000000.0,12690000000.0,0.3468,0.2661,MRK
2021-09-30 00:00:00,44322000000.0,14251000000.0,30071000000.0,14801000000.0,9054000000.0,6072000000.0,805000000.0,428000000.0,38000000.0,6548000000.0,1381000000.0,5167000000.0,7196000000.0,2.83,0.6785,0.137,0.1477,0.1624,0.1527,9478000000.0,6072000000.0,2.0362,,2.6739,,2.0392,5167000000.0,,6769000000.0,0.2138,0.258,MRK
2021-06-30 00:00:00,42137000000.0,13862000000.0,28275000000.0,15836000000.0,8783000000.0,3656000000.0,812000000.0,332000000.0,40000000.0,3988000000.0,1066000000.0,2922000000.0,5570000000.0,2.19,0.671,0.0868,0.0946,0.1322,0.0778,6966000000.0,3656000000.0,1.1562,1.04,2.0309,1.05,1.1492,2922000000.0,2880000000.0,5141000000.0,0.1653,0.1951,MRK
2021-03-31 00:00:00,40088000000.0,13505000000.0,26583000000.0,13600000000.0,8587000000.0,4396000000.0,819000000.0,616000000.0,45000000.0,5012000000.0,959000000.0,4053000000.0,7027000000.0,2.76,0.6631,0.1097,0.125,0.1753,0.0904,7953000000.0,4396000000.0,1.5962,1.17,2.6102,1.18,1.5992,4053000000.0,,6601000000.0,0.1984,0.2033,MRK
2020-12-31 00:00:00,41518000000.0,13618000000.0,27900000000.0,13397000000.0,8955000000.0,5548000000.0,831000000.0,315000000.0,59000000.0,5863000000.0,1340000000.0,4523000000.0,7067000000.0,2.77,0.672,0.1336,0.1412,0.1702,0.0768,9034000000.0,5548000000.0,1.78,,2.7949,,1.79,4523000000.0,,7071000000.0,0.2176,0.1835,MRK
2020-09-30 00:00:00,36487000000.0,10645000000.0,25842000000.0,10043000000.0,8429000000.0,7370000000.0,844000000.0,413000000.0,98000000.0,7783000000.0,1700000000.0,6083000000.0,11519000000.0,4.52,0.7083,0.202,0.2133,0.3157,0.0113,10567000000.0,7370000000.0,2.4512,,4.5489,,2.4609,6083000000.0,,11514000000.0,0.2896,0.1218,MRK
2020-06-30 00:00:00,37955000000.0,11622000000.0,26333000000.0,9898000000.0,8958000000.0,7477000000.0,,-53000000.0,,7424000000.0,1760000000.0,5664000000.0,10479000000.0,4.1,0.6938,0.197,0.1956,0.2761,0.0934,10712000000.0,7477000000.0,2.2726,,4.1307,,2.2864,5664000000.0,,10478000000.0,0.2822,0.1868,MRK
2020-03-31 00:00:00,40362000000.0,12276000000.0,28086000000.0,10002000000.0,9585000000.0,8499000000.0,,-557000000.0,,7942000000.0,1979000000.0,5963000000.0,10147000000.0,3.95,0.6959,0.2106,0.1968,0.2514,0.1114,11732000000.0,8499000000.0,2.3742,,3.9683,,2.3836,5963000000.0,,10116000000.0,0.2907,0.2045,MRK
2019-12-31 00:00:00,39121000000.0,12016000000.0,27105000000.0,9724000000.0,9455000000.0,7926000000.0,,-755000000.0,,7171000000.0,1565000000.0,5606000000.0,9843000000.0,3.81,0.6929,0.2026,0.1833,0.2516,0.141,11236000000.0,7926000000.0,2.2099,,3.8047,,2.22,5606000000.0,,9759000000.0,0.2872,0.2271,MRK
2019-09-30 00:00:00,45971000000.0,13732000000.0,32239000000.0,9538000000.0,10369000000.0,12332000000.0,,-1054000000.0,,11278000000.0,2087000000.0,9191000000.0,9313000000.0,3.58,0.7013,0.2683,0.2453,0.2026,0.1952,16046000000.0,12332000000.0,3.5331,,3.5545,,3.5545,9191000000.0,,9191000000.0,0.349,0.2662,MRK
2019-06-30 00:00:00,44368000000.0,13361000000.0,31007000000.0,8402000000.0,10223000000.0,12382000000.0,,-786000000.0,,11596000000.0,2354000000.0,9242000000.0,9362000000.0,3.57,0.6989,0.2791,0.2614,0.211,0.1768,16345000000.0,12382000000.0,3.5228,,3.5445,,3.5445,9242000000.0,,9242000000.0,0.3684,0.2435,MRK
2019-03-31 00:00:00,43073000000.0,13377000000.0,29696000000.0,8487000000.0,10019000000.0,11190000000.0,,-767000000.0,,10423000000.0,2109000000.0,8314000000.0,8399000000.0,3.17,0.6894,0.2598,0.242,0.195,0.1937,15470000000.0,11190000000.0,3.1377,,3.1569,,3.1569,8314000000.0,,8314000000.0,0.3592,0.2578,MRK
2018-12-31 00:00:00,42294000000.0,13509000000.0,28785000000.0,9752000000.0,10102000000.0,8931000000.0,,-230000000.0,,8701000000.0,2508000000.0,6193000000.0,6220000000.0,2.32,0.6806,0.2112,0.2057,0.1471,0.1964,13450000000.0,8931000000.0,2.3116,,2.3247,,2.3247,6193000000.0,,6193000000.0,0.318,0.2582,MRK
2018-09-30 00:00:00,41729000000.0,13660000000.0,28069000000.0,9852000000.0,10102000000.0,8115000000.0,,-140000000.0,,7975000000.0,4598000000.0,3377000000.0,3346000000.0,1.31,0.6726,0.1945,0.1911,0.0802,0.2144,12803000000.0,8115000000.0,1.2681,,1.2741,,1.2741,3377000000.0,,3377000000.0,0.3068,0.272,MRK
2018-06-30 00:00:00,41260000000.0,13348000000.0,27912000000.0,12197000000.0,10118000000.0,5597000000.0,,-87000000.0,,5510000000.0,4142000000.0,1368000000.0,1340000000.0,0.56,0.6765,0.1357,0.1335,0.0325,0.1259,10345000000.0,5597000000.0,0.5183,,0.5199,,0.5199,1368000000.0,,1368000000.0,0.2507,0.179,MRK
2018-03-31 00:00:00,40725000000.0,13047000000.0,27678000000.0,11705000000.0,10110000000.0,5863000000.0,,0.0,,5863000000.0,4260000000.0,1603000000.0,1579000000.0,0.64,0.6796,0.144,0.144,0.0388,0.1307,10483000000.0,5863000000.0,0.5907,,0.5939,,0.5939,1603000000.0,,1603000000.0,0.2574,0.1797,MRK
2017-12-31 00:00:00,40122000000.0,12912000000.0,27210000000.0,10339000000.0,10074000000.0,6797000000.0,,-276000000.0,,6521000000.0,4103000000.0,2418000000.0,2394000000.0,0.93,0.6782,0.1694,0.1625,0.0597,0.1137,11473000000.0,6797000000.0,0.8798,,0.8857,,0.8857,2418000000.0,,2418000000.0,0.286,0.1608,MRK
2017-09-30 00:00:00,39804000000.0,12943000000.0,26861000000.0,12812000000.0,10279000000.0,3770000000.0,,-484000000.0,,3286000000.0,416000000.0,2870000000.0,2847000000.0,1.67,0.6748,0.0947,0.0826,0.0715,0.109,8464000000.0,3770000000.0,1.0436,,1.051,,1.051,2870000000.0,,2870000000.0,0.2126,0.1523,MRK
2017-06-30 00:00:00,40015000000.0,13045000000.0,26970000000.0,10063000000.0,10213000000.0,6694000000.0,,-721000000.0,,5973000000.0,864000000.0,5109000000.0,5087000000.0,2.47,0.674,0.1673,0.1493,0.1271,0.2128,11409000000.0,6694000000.0,1.8477,,1.861,,1.861,5109000000.0,,5109000000.0,0.2851,0.2551,MRK
2017-03-31 00:00:00,39929000000.0,13507000000.0,26422000000.0,10432000000.0,10171000000.0,5819000000.0,,-781000000.0,,5038000000.0,671000000.0,4367000000.0,4346000000.0,2.19,0.6617,0.1457,0.1262,0.1088,0.1707,10922000000.0,5819000000.0,1.5723,,1.5842,,1.5842,4367000000.0,,4367000000.0,0.2735,0.2126,MRK
2016-12-31 00:00:00,39807000000.0,14030000000.0,25777000000.0,10261000000.0,10017000000.0,5499000000.0,,-840000000.0,,4659000000.0,718000000.0,3941000000.0,3920000000.0,2.03,0.6475,0.1381,0.117,0.0985,0.2201,10970000000.0,5499000000.0,1.4141,,1.4248,,1.4248,3941000000.0,,3941000000.0,0.2756,0.2607,MRK
2016-09-30 00:00:00,39907000000.0,14409000000.0,25498000000.0,7271000000.0,9785000000.0,8442000000.0,,-1611000000.0,,6831000000.0,1322000000.0,5509000000.0,5490000000.0,1.96,0.6389,0.2115,0.1712,0.1376,0.2364,14288000000.0,8442000000.0,1.9713,,1.9869,,1.9869,5509000000.0,,5509000000.0,0.358,0.2754,MRK
2016-06-30 00:00:00,39444000000.0,14761000000.0,24683000000.0,7107000000.0,9864000000.0,7712000000.0,,-1371000000.0,,6341000000.0,1189000000.0,5152000000.0,5132000000.0,1.82,0.6258,0.1955,0.1608,0.1301,0.2502,13953000000.0,7712000000.0,1.8315,,1.8463,,1.8463,5152000000.0,,5152000000.0,0.3537,0.2872,MRK
2016-03-31 00:00:00,39385000000.0,14937000000.0,24448000000.0,6626000000.0,10030000000.0,7792000000.0,,-2148000000.0,,5644000000.0,1013000000.0,4631000000.0,4614000000.0,1.63,0.6207,0.1978,0.1433,0.1172,0.281,14091000000.0,7792000000.0,1.6394,,1.653,,1.653,4631000000.0,,4631000000.0,0.3578,0.3155,MRK
2015-12-31 00:00:00,39498000000.0,14934000000.0,24564000000.0,6704000000.0,10313000000.0,7547000000.0,,-2146000000.0,,5401000000.0,942000000.0,4459000000.0,4442000000.0,1.56,0.6219,0.1911,0.1367,0.1125,0.285,13922000000.0,7547000000.0,1.5695,,1.5835,,1.5835,4459000000.0,,4459000000.0,0.3525,0.3174,MRK
2015-09-30 00:00:00,39765000000.0,14833000000.0,24932000000.0,7190000000.0,10621000000.0,7121000000.0,,9275000000.0,,16396000000.0,5591000000.0,10805000000.0,10782000000.0,3.75,0.627,0.1791,0.4123,0.2711,0.1503,13509000000.0,7121000000.0,3.736,,3.7764,,3.7764,10805000000.0,,10805000000.0,0.3397,0.1825,MRK
2015-06-30 00:00:00,40249000000.0,15295000000.0,24954000000.0,7349000000.0,11124000000.0,6481000000.0,,9008000000.0,,15489000000.0,5673000000.0,9816000000.0,9851000000.0,3.42,0.62,0.161,0.3848,0.2448,0.1742,12910000000.0,6481000000.0,3.3796,,3.4182,,3.4182,9816000000.0,,9816000000.0,0.3208,0.2061,MRK
2015-03-31 00:00:00,41398000000.0,16434000000.0,24964000000.0,7343000000.0,11473000000.0,6148000000.0,,10425000000.0,,16573000000.0,5412000000.0,11161000000.0,11168000000.0,3.86,0.603,0.1485,0.4003,0.2698,0.1594,12722000000.0,6148000000.0,3.8276,,3.8716,,3.8716,11161000000.0,,11161000000.0,0.3073,0.1911,MRK
2014-12-31 00:00:00,42237000000.0,16768000000.0,25469000000.0,7180000000.0,11606000000.0,6683000000.0,,10600000000.0,,17283000000.0,5349000000.0,11934000000.0,11920000000.0,4.1,0.603,0.1582,0.4092,0.2822,0.158,13374000000.0,6683000000.0,4.0758,,4.1237,,4.1237,11934000000.0,,11934000000.0,0.3166,0.1891,MRK
2014-09-30 00:00:00,43075000000.0,17626000000.0,25449000000.0,6732000000.0,11663000000.0,7054000000.0,,-357000000.0,,6697000000.0,1275000000.0,5422000000.0,5385000000.0,1.82,0.5908,0.1638,0.1555,0.125,0.2506,14126000000.0,7054000000.0,1.8404,,1.8622,,1.8622,5422000000.0,,5422000000.0,0.3279,0.2797,MRK
2014-06-30 00:00:00,43550000000.0,17507000000.0,26043000000.0,6733000000.0,11491000000.0,7819000000.0,,-1087000000.0,,6732000000.0,1002000000.0,5730000000.0,5614000000.0,1.89,0.598,0.1795,0.1546,0.1289,0.2379,14985000000.0,7819000000.0,1.9397,,1.9626,,1.9626,5730000000.0,,5730000000.0,0.3441,0.2675,MRK
2014-03-31 00:00:00,43626000000.0,16898000000.0,26728000000.0,7170000000.0,11658000000.0,7900000000.0,,-1814000000.0,,6086000000.0,1454000000.0,4632000000.0,4516000000.0,1.51,0.6127,0.1811,0.1395,0.1035,0.2355,14968000000.0,7900000000.0,1.5609,,1.5798,,1.5798,4632000000.0,,4632000000.0,0.3431,0.2676,MRK
2013-12-31 00:00:00,44033000000.0,16954000000.0,27079000000.0,7503000000.0,11911000000.0,7665000000.0,,-2120000000.0,,5545000000.0,1028000000.0,4517000000.0,4404000000.0,1.46,0.615,0.1741,0.1259,0.1,0.2295,14653000000.0,7665000000.0,1.5076,,1.5245,,1.5245,4517000000.0,,4517000000.0,0.3328,0.2647,MRK
2013-09-30 00:00:00,44450000000.0,16507000000.0,27943000000.0,7891000000.0,12320000000.0,7732000000.0,,-2078000000.0,,5654000000.0,1004000000.0,4650000000.0,4531000000.0,1.66,0.6286,0.1739,0.1272,0.1019,0.1921,14427000000.0,7732000000.0,1.5363,,1.5549,,1.5549,4650000000.0,,4650000000.0,0.3246,0.2348,MRK
2013-06-30 00:00:00,44906000000.0,16540000000.0,28366000000.0,8149000000.0,12580000000.0,7637000000.0,,-1290000000.0,,6347000000.0,1084000000.0,5263000000.0,5136000000.0,1.84,0.6317,0.1701,0.1413,0.1144,0.1708,14350000000.0,7637000000.0,1.7204,,1.741,,1.741,5263000000.0,,5263000000.0,0.3196,0.2144,MRK
2013-03-31 00:00:00,46207000000.0,16368000000.0,29839000000.0,8213000000.0,12689000000.0,8937000000.0,,-1155000000.0,,7782000000.0,1634000000.0,6148000000.0,6022000000.0,2.12,0.6458,0.1934,0.1684,0.1303,0.1782,15799000000.0,8937000000.0,2.0022,,2.0254,,2.0254,6148000000.0,,6148000000.0,0.3419,0.2209,MRK
2012-12-31 00:00:00,47267000000.0,16446000000.0,30821000000.0,8168000000.0,12776000000.0,9877000000.0,,-1138000000.0,,8739000000.0,2440000000.0,6299000000.0,6165000000.0,2.16,0.6521,0.209,0.1849,0.1304,0.1707,16855000000.0,9877000000.0,2.0477,,2.0714,,2.0714,6299000000.0,,6299000000.0,0.3566,0.212,MRK
