Date,Revenue,Cost of Revenue,Gross Profit,SG&A Expenses,Operating Income,Interest Expense (Operating),Non-operating Income/Expense,Non-operating Interest Expenses,EBT,Income Tax Provision,Income after Tax,Net Income Common,EPS (Basic),Gross Margin,EBIT Margin,EBT margin,Net Profit Margin,Free Cash Flow Margin,EBITDA,EBIT,"EPS (Diluted, from Cont. Ops)","EPS (Diluted, from Disc. Ops)","EPS (Basic, Consolidated)","EPS (Basic, from Discontinued Ops)","EPS (Basic, from Continuous Ops)",Income from Continuous Operations,Income from Discontinued Operations,Consolidated Net Income/Loss,EBITDA Margin,Operating Cash Flow Margin,Ticker
2022-09-30 00:00:00,7669000000.0,3383000000.0,4286000000.0,774000000.0,3942000000.0,187000000.0,-372000000.0,187000000.0,3772000000.0,36000000.0,3736000000.0,3736000000.0,5.21,0.5589,0.514,0.4919,0.4872,0.5138,5456000000.0,3942000000.0,5.1915,,5.2054,,5.2054,3736000000.0,,3736000000.0,0.7114,0.695,MRO
2022-06-30 00:00:00,7099000000.0,3393000000.0,3706000000.0,628000000.0,3185000000.0,187000000.0,-299000000.0,192000000.0,2903000000.0,-200000000.0,3103000000.0,3103000000.0,4.22,0.522,0.4487,0.4089,0.4371,0.472,4987000000.0,3185000000.0,4.2089,,4.2192,,4.2192,3103000000.0,,3103000000.0,0.7025,0.6466,MRO
2022-03-31 00:00:00,6185000000.0,2720000000.0,3465000000.0,562000000.0,1996000000.0,200000000.0,-282000000.0,197000000.0,1684000000.0,-469000000.0,2153000000.0,2153000000.0,2.87,0.5602,0.3227,0.2723,0.3481,0.3911,4020000000.0,1996000000.0,2.859,,2.8654,,2.8654,2153000000.0,,2153000000.0,0.65,0.5767,MRO
2021-12-31 00:00:00,5601000000.0,2070000000.0,3531000000.0,548000000.0,1308000000.0,230000000.0,-389000000.0,188000000.0,1004000000.0,58000000.0,946000000.0,946000000.0,1.21,0.6304,0.2335,0.1793,0.1689,0.3746,3390000000.0,1308000000.0,1.2005,,1.202,,1.202,946000000.0,,946000000.0,0.6052,0.5574,MRO
2021-09-30 00:00:00,4691000000.0,1319000000.0,3372000000.0,487000000.0,319000000.0,232000000.0,-185000000.0,190000000.0,-20000000.0,21000000.0,-41000000.0,-41000000.0,-0.06,0.7188,0.068,-0.0043,-0.0087,0.3249,2352000000.0,319000000.0,-0.0471,,-0.0471,,-0.0471,-41000000.0,,-41000000.0,0.5014,0.5353,MRO
2021-06-30 00:00:00,4014000000.0,513000000.0,3501000000.0,519000000.0,-270000000.0,242000000.0,-248000000.0,195000000.0,-518000000.0,24000000.0,-542000000.0,-542000000.0,-0.69,0.8722,-0.0673,-0.129,-0.135,0.298,1833000000.0,-270000000.0,-0.6816,,-0.6816,,-0.6816,-542000000.0,,-542000000.0,0.4567,0.5082,MRO
2021-03-31 00:00:00,3250000000.0,516000000.0,2734000000.0,495000000.0,-1078000000.0,244000000.0,-231000000.0,205000000.0,-1309000000.0,-1000000.0,-1308000000.0,-1308000000.0,-1.66,0.8412,-0.3317,-0.4028,-0.4025,0.1526,1091000000.0,-1078000000.0,-1.6513,,-1.6513,,-1.6513,-1308000000.0,,-1308000000.0,0.3357,0.4289,MRO
2020-12-31 00:00:00,3097000000.0,555000000.0,2542000000.0,474000000.0,-1180000000.0,256000000.0,-285000000.0,256000000.0,-1465000000.0,-14000000.0,-1451000000.0,-1451000000.0,-1.84,0.8208,-0.381,-0.473,-0.4685,0.0526,1136000000.0,-1180000000.0,-1.8321,,-1.8321,,-1.8321,-1451000000.0,,-1451000000.0,0.3668,0.4756,MRO
2020-09-30 00:00:00,3508000000.0,587000000.0,2921000000.0,534000000.0,-857000000.0,262000000.0,-270000000.0,262000000.0,-1127000000.0,6000000.0,-1133000000.0,-1133000000.0,-1.44,0.8327,-0.2443,-0.3213,-0.323,0.0217,1652000000.0,-857000000.0,-1.4315,,-1.4322,,-1.4322,-1133000000.0,,-1133000000.0,0.4709,0.5003,MRO
2020-06-30 00:00:00,3996000000.0,621000000.0,3375000000.0,595000000.0,-378000000.0,,-264000000.0,264000000.0,-642000000.0,9000000.0,-651000000.0,-651000000.0,-0.83,0.8446,-0.0946,-0.1607,-0.1629,-0.0566,2101000000.0,-378000000.0,-0.8247,,-0.8252,,-0.8252,-651000000.0,,-651000000.0,0.5258,0.5373,MRO
2020-03-31 00:00:00,4887000000.0,685000000.0,4202000000.0,643000000.0,580000000.0,,-264000000.0,259000000.0,316000000.0,56000000.0,260000000.0,260000000.0,0.32,0.8598,0.1187,0.0647,0.0532,0.0645,3067000000.0,580000000.0,0.3225,,0.3222,,0.3222,260000000.0,,260000000.0,0.6276,0.6006,MRO
2019-12-31 00:00:00,5063000000.0,712000000.0,4351000000.0,667000000.0,636000000.0,,-244000000.0,244000000.0,392000000.0,-88000000.0,480000000.0,480000000.0,0.59,0.8594,0.1256,0.0774,0.0948,0.0314,3033000000.0,636000000.0,0.5926,,0.5926,,0.5926,480000000.0,,480000000.0,0.5991,0.543,MRO
2019-09-30 00:00:00,5210000000.0,748000000.0,4462000000.0,667000000.0,1030000000.0,,-229000000.0,235000000.0,801000000.0,-89000000.0,890000000.0,890000000.0,1.09,0.8564,0.1977,0.1537,0.1708,0.0704,3424000000.0,1030000000.0,1.0802,,1.0814,,1.0814,890000000.0,,890000000.0,0.6572,0.5574,MRO
2019-06-30 00:00:00,5499000000.0,800000000.0,4699000000.0,691000000.0,1216000000.0,,-233000000.0,229000000.0,983000000.0,4000000.0,979000000.0,979000000.0,1.18,0.8545,0.2211,0.1788,0.178,0.1291,3614000000.0,1216000000.0,1.1739,,1.1752,,1.1752,979000000.0,,979000000.0,0.6572,0.5692,MRO
2019-03-31 00:00:00,5565000000.0,812000000.0,4753000000.0,695000000.0,1166000000.0,,-236000000.0,230000000.0,930000000.0,16000000.0,914000000.0,914000000.0,1.09,0.8541,0.2095,0.1671,0.1642,0.099,3571000000.0,1166000000.0,1.0884,,1.0896,,1.0896,914000000.0,,914000000.0,0.6417,0.5571,MRO
2018-12-31 00:00:00,5902000000.0,842000000.0,5060000000.0,693000000.0,1667000000.0,,-240000000.0,226000000.0,1427000000.0,331000000.0,1096000000.0,1096000000.0,1.3,0.8573,0.2824,0.2418,0.1857,0.2913,4108000000.0,1667000000.0,1.294,,1.2954,,1.2954,1096000000.0,,1096000000.0,0.696,0.5479,MRO
2018-09-30 00:00:00,5903000000.0,872000000.0,5031000000.0,671000000.0,1411000000.0,,-258000000.0,239000000.0,1153000000.0,475000000.0,678000000.0,678000000.0,0.8,0.8523,0.239,0.1953,0.1149,0.2175,3822000000.0,1411000000.0,0.7993,,0.8041,,0.8002,678000000.0,,678000000.0,0.6475,0.4879,MRO
2018-06-30 00:00:00,5549000000.0,903000000.0,4646000000.0,617000000.0,616000000.0,,-278000000.0,216000000.0,338000000.0,513000000.0,-175000000.0,-175000000.0,-0.2,0.8373,0.111,0.0609,-0.0315,0.1932,3042000000.0,616000000.0,-0.1999,,-0.2001,,-0.1993,-175000000.0,,-175000000.0,0.5482,0.4471,MRO
2018-03-31 00:00:00,5039000000.0,914000000.0,4125000000.0,582000000.0,386000000.0,,-300000000.0,237000000.0,86000000.0,510000000.0,-424000000.0,-410000000.0,-0.47,0.8186,0.0766,0.0171,-0.0814,0.5076,2792000000.0,386000000.0,-0.4922,,-0.476,,-0.4917,-424000000.0,,-410000000.0,0.5541,0.405,MRO
2017-12-31 00:00:00,4409000000.0,884000000.0,3525000000.0,554000000.0,-114000000.0,,-340000000.0,270000000.0,-454000000.0,376000000.0,-830000000.0,-5723000000.0,-6.73,0.7995,-0.0259,-0.103,-1.298,0.4028,2258000000.0,-114000000.0,-0.97,,-6.7329,,-0.97,-830000000.0,,-5723000000.0,0.5121,0.4509,MRO
2017-09-30 00:00:00,4030000000.0,881000000.0,3149000000.0,427000000.0,-193000000.0,,-439000000.0,275000000.0,-632000000.0,1553000000.0,-2185000000.0,-7066000000.0,-8.32,0.7814,-0.0479,-0.1568,-1.7533,0.5759,2169000000.0,-193000000.0,-2.6,,-8.3351,,-2.6,-2185000000.0,,-7066000000.0,0.5382,0.438,MRO
2017-06-30 00:00:00,3707000000.0,875000000.0,2832000000.0,433000000.0,-45000000.0,,-442000000.0,329000000.0,-487000000.0,1305000000.0,-1792000000.0,-6659000000.0,-7.85,0.764,-0.0121,-0.1314,-1.7963,0.6755,2198000000.0,-45000000.0,-2.14,-5.71,-7.8571,-5.71,-2.14,-1792000000.0,-4867000000.0,-6659000000.0,0.5929,0.423,MRO
2017-03-31 00:00:00,3531000000.0,919000000.0,2612000000.0,464000000.0,-124000000.0,,-443000000.0,331000000.0,-567000000.0,1210000000.0,-1777000000.0,-6690000000.0,-7.89,0.7397,-0.0351,-0.1606,-1.8946,0.452,2039000000.0,-124000000.0,-2.12,-5.77,-7.8941,-5.77,-2.12,-1777000000.0,-4913000000.0,-6690000000.0,0.5775,0.403,MRO
2016-12-31 00:00:00,3236000000.0,965000000.0,2271000000.0,522000000.0,-730000000.0,,-434000000.0,332000000.0,-1164000000.0,923000000.0,-2087000000.0,-2140000000.0,-2.61,0.7018,-0.2256,-0.3597,-0.6613,0.2831,1426000000.0,-730000000.0,-2.55,-0.06,-2.613,-0.06,-2.55,-2087000000.0,-53000000.0,-2140000000.0,0.4407,0.2784,MRO
2016-09-30 00:00:00,2511000000.0,441000000.0,2070000000.0,648000000.0,-1238000000.0,,-362000000.0,362000000.0,-1600000000.0,-606000000.0,-994000000.0,-1562000000.0,-2.16,0.8244,-0.493,-0.6372,-0.6221,0.182,396000000.0,-1238000000.0,-1.3146,1.4,-2.1548,1.42,-1.3146,-994000000.0,954000000.0,-1562000000.0,0.1577,0.3927,MRO
2016-06-30 00:00:00,3034000000.0,691000000.0,2343000000.0,680000000.0,-2084000000.0,,-348000000.0,348000000.0,-2432000000.0,-895000000.0,-1537000000.0,-2119000000.0,-3.04,0.7722,-0.6869,-0.8016,-0.6984,0.0669,126000000.0,-2084000000.0,-2.181,1.58,-3.0345,1.6,-2.181,-1537000000.0,1067000000.0,-2119000000.0,0.0415,0.3675,MRO
2016-03-31 00:00:00,3763000000.0,1063000000.0,2700000000.0,760000000.0,-2314000000.0,,-318000000.0,318000000.0,-2632000000.0,-847000000.0,-1785000000.0,-2335000000.0,-3.41,0.7175,-0.6149,-0.6994,-0.6205,-0.2418,135000000.0,-2314000000.0,-2.5912,1.89,-3.4042,1.91,-2.5912,-1785000000.0,1279000000.0,-2335000000.0,0.0359,0.3564,MRO
2015-12-31 00:00:00,4635000000.0,1479000000.0,3156000000.0,804000000.0,-2153000000.0,,-286000000.0,286000000.0,-2439000000.0,-738000000.0,-1701000000.0,-2204000000.0,-3.26,0.6809,-0.4645,-0.5262,-0.4755,-0.3633,568000000.0,-2153000000.0,-2.5101,,-3.2556,,-2.5101,-1701000000.0,,-2204000000.0,0.1225,0.34,MRO
2015-09-30 00:00:00,6756000000.0,2715000000.0,4041000000.0,910000000.0,-1920000000.0,,-238000000.0,235000000.0,-2158000000.0,-654000000.0,-1504000000.0,-485000000.0,-0.72,0.5981,-0.2842,-0.3194,-0.0718,-0.07,1683000000.0,-1920000000.0,-2.2155,,-0.7014,,-2.2255,-1504000000.0,,-485000000.0,0.2491,0.3505,MRO
2015-06-30 00:00:00,8242000000.0,3372000000.0,4870000000.0,1014000000.0,-342000000.0,,-218000000.0,236000000.0,-560000000.0,-109000000.0,-451000000.0,695000000.0,1.03,0.5909,-0.0415,-0.0679,0.0843,-0.009,2879000000.0,-342000000.0,-0.6591,,1.0435,,-0.6691,-451000000.0,,695000000.0,0.3493,0.4424,MRO
2015-03-31 00:00:00,9640000000.0,3916000000.0,5724000000.0,1016000000.0,579000000.0,,-236000000.0,227000000.0,343000000.0,48000000.0,295000000.0,1621000000.0,2.4,0.5938,0.0601,0.0356,0.1682,0.037,3750000000.0,579000000.0,0.4411,,2.4125,,0.4311,295000000.0,,1621000000.0,0.389,0.4488,MRO
2014-12-31 00:00:00,10846000000.0,4351000000.0,6495000000.0,1060000000.0,1599000000.0,,-238000000.0,,1361000000.0,392000000.0,969000000.0,3046000000.0,4.47,0.5988,0.1474,0.1255,0.2808,0.3768,4592000000.0,1599000000.0,1.42,3.04,4.4794,3.06,1.42,969000000.0,2077000000.0,3046000000.0,0.4234,0.5059,MRO
2014-09-30 00:00:00,9979000000.0,4397000000.0,5582000000.0,1069000000.0,1277000000.0,,-248000000.0,251000000.0,1029000000.0,53000000.0,976000000.0,2495000000.0,3.64,0.5594,0.128,0.1031,0.25,0.3154,4019000000.0,1277000000.0,1.42,2.1958,3.6361,2.2058,1.44,976000000.0,1519000000.0,2495000000.0,0.4027,0.5573,MRO
2014-06-30 00:00:00,10109000000.0,4453000000.0,5656000000.0,1026000000.0,1595000000.0,,-264000000.0,263000000.0,1331000000.0,263000000.0,1068000000.0,2633000000.0,3.8,0.5595,0.1578,0.1317,0.2605,0.3475,4240000000.0,1595000000.0,1.53,2.2458,3.8024,2.2558,1.55,1068000000.0,1565000000.0,2633000000.0,0.4194,0.5373,MRO
2014-03-31 00:00:00,10231000000.0,4323000000.0,5908000000.0,1030000000.0,1879000000.0,,-255000000.0,259000000.0,1624000000.0,675000000.0,949000000.0,2519000000.0,3.6,0.5775,0.1837,0.1587,0.2462,0.3271,4398000000.0,1879000000.0,1.34,2.2358,3.6036,2.2458,1.36,949000000.0,1570000000.0,2519000000.0,0.4299,0.5094,MRO
2013-12-31 00:00:00,11325000000.0,4232000000.0,7093000000.0,1004000000.0,2671000000.0,,-278000000.0,,2393000000.0,1462000000.0,931000000.0,1753000000.0,2.48,0.6263,0.2358,0.2113,0.1548,0.1128,5267000000.0,2671000000.0,1.31,1.16,2.4866,1.17,1.32,931000000.0,822000000.0,1753000000.0,0.4651,0.4653,MRO
2013-09-30 00:00:00,10199000000.0,4229000000.0,5970000000.0,989000000.0,1811000000.0,,-272000000.0,329000000.0,1539000000.0,926000000.0,613000000.0,1700000000.0,2.4,0.5854,0.1776,0.1509,0.1667,0.1654,3954000000.0,1811000000.0,0.8737,1.4742,2.4019,0.4942,0.8653,613000000.0,350000000.0,1700000000.0,0.3877,0.5144,MRO
2013-06-30 00:00:00,11235000000.0,4256000000.0,6979000000.0,991000000.0,2767000000.0,,-254000000.0,311000000.0,2513000000.0,1846000000.0,667000000.0,1581000000.0,2.24,0.6212,0.2463,0.2237,0.1407,0.0595,4653000000.0,2767000000.0,0.9484,1.9842,2.2345,1.2342,0.9427,667000000.0,177000000.0,1581000000.0,0.4142,0.4158,MRO
2013-03-31 00:00:00,11957000000.0,4450000000.0,7507000000.0,948000000.0,3371000000.0,,-244000000.0,294000000.0,3127000000.0,2308000000.0,819000000.0,1548000000.0,2.2,0.6278,0.2819,0.2615,0.1295,0.04,5263000000.0,3371000000.0,1.1627,2.1142,2.1912,1.7342,1.1594,819000000.0,690000000.0,1548000000.0,0.4402,0.3824,MRO
2012-12-31 00:00:00,11966000000.0,4813000000.0,7153000000.0,919000000.0,3326000000.0,,-222000000.0,267000000.0,3104000000.0,2248000000.0,856000000.0,1582000000.0,2.25,0.5978,0.278,0.2594,0.1322,0.0103,5334000000.0,3326000000.0,1.21,,2.2409,,1.2101,856000000.0,,1582000000.0,0.4458,0.3357,MRO
