Date,Revenue,Cost of Revenue,Gross Profit,R&D Expenses,SG&A Expenses,Operating Income,Interest Expense (Operating),Non-operating Income/Expense,Non-operating Interest Expenses,EBT,Income Tax Provision,Income after Tax,Net Income Common,EPS (Basic),Gross Margin,EBIT Margin,EBT margin,Net Profit Margin,Free Cash Flow Margin,EBITDA,EBIT,"EPS (Diluted, from Cont. Ops)","EPS (Diluted, from Disc. Ops)","EPS (Basic, Consolidated)","EPS (Basic, from Discontinued Ops)","EPS (Basic, from Continuous Ops)",Income from Continuous Operations,Income from Discontinued Operations,Consolidated Net Income/Loss,EBITDA Margin,Operating Cash Flow Margin,Ticker
2022-09-30 00:00:00,2222232000.0,514512000.0,1707720000.0,108998000.0,419245000.0,1179476900.0,166297000.0,9293000.0,5528000.0,1023942000.0,174475000.0,849467000.0,849467000.0,10.37,0.7685,0.5308,0.4608,0.3823,0.4574,1325120000.0,1179476900.0,10.3647,,10.4437,,10.4437,849467000.0,,849467000.0,0.5963,0.4885,MSCI
2022-06-30 00:00:00,2178692000.0,496180000.0,1682512000.0,111409000.0,420927000.0,1150175900.0,164272000.0,-29371000.0,1986000.0,955388000.0,152637000.0,802751000.0,802751000.0,9.72,0.7723,0.5279,0.4385,0.3685,0.418,1285365000.0,1150175900.0,9.7197,,9.813,,9.813,802751000.0,,802751000.0,0.59,0.4482,MSCI
2022-03-31 00:00:00,2125066000.0,453795000.0,1671271000.0,115024000.0,411503000.0,1107327900.0,162744000.0,-92840000.0,40619000.0,891051000.0,133464000.0,757587000.0,757587000.0,9.14,0.7865,0.5211,0.4193,0.3565,0.4346,1250205000.0,1107327900.0,9.1153,,9.2169,,9.2169,757587000.0,,757587000.0,0.5883,0.4618,MSCI
2021-12-31 00:00:00,2043544000.0,408550000.0,1634994000.0,111564000.0,391078000.0,1072724900.0,159614000.0,-132880000.0,77905000.0,858136000.0,132153000.0,725983000.0,725983000.0,8.74,0.8001,0.5249,0.4199,0.3553,0.4376,1209190000.0,1072724900.0,8.6966,,8.7989,,8.7989,725983000.0,,725983000.0,0.5917,0.4634,MSCI
2021-09-30 00:00:00,1937363000.0,359630000.0,1577733000.0,107801000.0,362031000.0,1026223100.0,156608000.0,-176943000.0,114867000.0,807539000.0,119205000.0,688333900.0,688334000.0,8.31,0.8144,0.5297,0.4168,0.3553,0.4355,1156505100.0,1026223100.0,8.2422,,8.334,,8.334,688333900.0,,688333900.0,0.5969,0.4629,MSCI
2021-06-30 00:00:00,1845597000.0,319746000.0,1525851000.0,104350000.0,344383000.0,973613100.0,152007000.0,-177681000.0,152007000.0,795932000.0,95116000.0,700815900.0,700816000.0,8.46,0.8268,0.5275,0.4313,0.3797,0.4477,1105833100.0,973613100.0,8.3677,,8.4554,,8.4554,700815900.0,,700815900.0,0.5992,0.4748,MSCI
2021-03-31 00:00:00,1757033000.0,302875000.0,1454158000.0,99353000.0,335936000.0,931255100.0,153677000.0,-191851000.0,153677000.0,739404000.0,88888000.0,650515900.0,650516000.0,7.83,0.8276,0.53,0.4208,0.3702,0.4913,1047520100.0,931255100.0,7.7465,,7.8252,,7.8252,650515900.0,,650515900.0,0.5962,0.5201,MSCI
2020-12-31 00:00:00,1695390000.0,291704000.0,1403686000.0,101053000.0,331123000.0,884764100.0,156324000.0,-198539000.0,156324000.0,686225000.0,84403000.0,601821900.0,601822000.0,7.2,0.8279,0.5219,0.4048,0.355,0.4484,1000004100.0,884764100.0,7.1207,,7.1889,,7.1889,601821900.0,,601821900.0,0.5898,0.4784,MSCI
2020-09-30 00:00:00,1658335000.0,285923000.0,1372412100.0,101097000.0,335734000.0,850108000.0,159283000.0,-212516000.0,159283000.0,637592000.0,69203000.0,568389000.0,568389000.0,6.76,0.8276,0.5126,0.3845,0.3427,0.4621,963808000.0,850108000.0,6.6909,,6.7476,,6.7476,568389000.0,,568389000.0,0.5812,0.4938,MSCI
2020-06-30 00:00:00,1627253000.0,285705000.0,1341548100.0,100506000.0,334119000.0,823707000.0,,-206410000.0,157669000.0,617297000.0,94283000.0,523014000.0,523014000.0,6.2,0.8244,0.5062,0.3793,0.3214,0.4621,934560000.0,823707000.0,6.1335,,6.1823,,6.1823,523014000.0,,523014000.0,0.5743,0.4963,MSCI
2020-03-31 00:00:00,1603195000.0,287224000.0,1315971100.0,101724000.0,332228000.0,800910000.0,,-163035000.0,152357000.0,637875000.0,104294000.0,533581000.0,533581000.0,6.3,0.8208,0.4996,0.3979,0.3328,0.4229,914673000.0,800910000.0,6.2406,,6.2894,,6.2894,533581000.0,,533581000.0,0.5705,0.4581,MSCI
2019-12-31 00:00:00,1557796000.0,294961000.0,1262835100.0,98334000.0,329391000.0,755701000.0,,-152383000.0,148041000.0,603318000.0,39670000.0,563648000.0,563648000.0,6.66,0.8107,0.4851,0.3873,0.3618,0.4209,861672000.0,755701000.0,6.5896,,6.6591,,6.6591,563648000.0,,563648000.0,0.5531,0.4555,MSCI
2019-09-30 00:00:00,1512878000.0,298564000.0,1214314000.0,91546000.0,318103000.0,726090000.0,,-82016000.0,143643000.0,644074000.0,51077000.0,592997000.0,592997000.0,6.96,0.8027,0.4799,0.4257,0.392,0.384,825384000.0,726090000.0,6.9416,,7.0565,,7.0565,592997000.0,,592997000.0,0.5456,0.4224,MSCI
2019-06-30 00:00:00,1476561000.0,298984000.0,1177577000.0,87827000.0,310337000.0,701274000.0,,-79102000.0,143623000.0,622172000.0,42326000.0,579846000.0,579846000.0,6.73,0.7975,0.4749,0.4214,0.3927,0.3643,794557000.0,701274000.0,6.6957,,6.8351,,6.8351,579846000.0,,579846000.0,0.5381,0.4025,MSCI
2019-03-31 00:00:00,1454049000.0,298377000.0,1155672000.0,83876000.0,303754000.0,682407000.0,,-63657000.0,139469000.0,618750000.0,47765000.0,570985000.0,570985000.0,6.56,0.7948,0.4693,0.4255,0.3927,0.3857,771894000.0,682407000.0,6.4994,,6.663,,6.663,570985000.0,,570985000.0,0.5309,0.4209,MSCI
2018-12-31 00:00:00,1433984000.0,287335000.0,1146649000.0,81411000.0,292805000.0,686898000.0,,-57002000.0,133114000.0,629896000.0,122011000.0,507885000.0,507885000.0,5.73,0.7996,0.479,0.4393,0.3542,0.3932,776148000.0,686898000.0,5.662,,5.8257,,5.8257,507885000.0,,507885000.0,0.5413,0.4273,MSCI
2018-09-30 00:00:00,1407075000.0,282825000.0,1124250000.0,81808000.0,285954000.0,671219000.0,,-101652000.0,126250000.0,569567000.0,149212000.0,420355000.0,420355000.0,4.7,0.799,0.477,0.4048,0.2987,0.3809,760067000.0,671219000.0,4.5719,,4.7001,,4.7001,420355000.0,,420355000.0,0.5402,0.4141,MSCI
2018-06-30 00:00:00,1371238000.0,280352000.0,1090886000.0,79191000.0,282006000.0,643615000.0,,-100091000.0,119368000.0,543524000.0,161848000.0,381676000.0,381676000.0,4.25,0.7955,0.4694,0.3964,0.2783,0.3613,733131000.0,643615000.0,4.1435,,4.2505,,4.2505,381676000.0,,381676000.0,0.5346,0.3943,MSCI
2018-03-31 00:00:00,1324281000.0,277522000.0,1046759000.0,77586000.0,273528000.0,616204000.0,,-111492000.0,116634000.0,504712000.0,158599000.0,346113000.0,346113000.0,3.84,0.7904,0.4653,0.3811,0.2614,0.3101,699041000.0,616204000.0,3.754,,3.8384,,3.8384,346113000.0,,346113000.0,0.5279,0.3441,MSCI
2017-12-31 00:00:00,1274172000.0,273681000.0,1000491000.0,75849000.0,264885000.0,579770000.0,,-112871000.0,116098000.0,466899000.0,162927000.0,303972000.0,303972000.0,3.36,0.7852,0.455,0.3664,0.2386,0.2789,663153000.0,579770000.0,3.3071,,3.3649,,3.3649,303972000.0,,303972000.0,0.5205,0.3172,MSCI
2017-09-30 00:00:00,1232205000.0,268253000.0,963952000.0,74100000.0,256955000.0,551642900.0,,-114609000.0,116110000.0,437034000.0,129414000.0,307620000.0,307620000.0,3.37,0.7823,0.4477,0.3547,0.2497,0.2925,636293000.0,551642900.0,3.3327,,3.3756,,3.3756,307620000.0,,307620000.0,0.5164,0.3245,MSCI
2017-06-30 00:00:00,1198541000.0,262806000.0,935735000.0,74876000.0,253376000.0,526103900.0,,-112351000.0,113880000.0,413753000.0,126005000.0,287748000.0,287748000.0,3.12,0.7807,0.439,0.3452,0.2401,0.3385,610832000.0,526103900.0,3.0896,,3.1191,,3.1191,287748000.0,,287748000.0,0.5096,0.3726,MSCI
2017-03-31 00:00:00,1173048000.0,256398000.0,916650000.0,75246000.0,254275000.0,505694900.0,,-108909000.0,107771000.0,396786000.0,123347000.0,273439000.0,273439000.0,2.91,0.7814,0.4311,0.3383,0.2331,0.3373,590337000.0,505694900.0,2.8946,,2.9147,,2.9147,273439000.0,,273439000.0,0.5033,0.3772,MSCI
2016-12-31 00:00:00,1150669000.0,252107000.0,898562000.0,75204000.0,253901000.0,488103900.0,,-102166000.0,101651000.0,385938000.0,125083000.0,260855000.0,260855000.0,2.72,0.7809,0.4242,0.3354,0.2267,0.3474,572525000.0,488103900.0,2.7021,,2.7177,,2.7177,260855000.0,,260855000.0,0.4976,0.3844,MSCI
2016-09-30 00:00:00,1130750000.0,253092000.0,877658000.0,74020000.0,254224000.0,469634900.0,,-95356000.0,95508000.0,374279000.0,121675000.0,252604000.0,252011000.0,2.57,0.7762,0.4153,0.331,0.2229,0.3096,552340900.0,469634900.0,2.5386,,2.5586,,2.5702,252604000.0,,252011000.0,0.4885,0.3538,MSCI
2016-06-30 00:00:00,1111088000.0,255699000.0,855389000.0,70818000.0,249620000.0,455476900.0,,-79678000.0,85985000.0,375799000.0,124078000.0,251721000.0,251128000.0,2.47,0.7699,0.4099,0.3382,0.226,0.3027,537609900.0,455476900.0,2.4448,,2.4621,,2.4717,251721000.0,,251128000.0,0.4839,0.347,MSCI
2016-03-31 00:00:00,1091072000.0,260963000.0,830109000.0,73059000.0,249855000.0,428296900.0,,-65626000.0,74183000.0,362671000.0,121890000.0,240781000.0,240188000.0,2.28,0.7608,0.3925,0.3324,0.2201,0.2229,509592900.0,428296900.0,2.2537,,2.2671,,2.2772,240781000.0,,240188000.0,0.4671,0.2671,MSCI
2015-12-31 00:00:00,1075013000.0,267695000.0,807318000.0,77320000.0,248301000.0,403897900.0,,-54344000.0,62387000.0,349554000.0,119516000.0,230038000.0,223648000.0,2.06,0.751,0.3757,0.3252,0.208,0.2532,483831900.0,403897900.0,2.09,-0.04,2.0494,-0.05,2.11,230038000.0,-5329000.0,223648000.0,0.4501,0.2988,MSCI
2015-09-30 00:00:00,1053225000.0,257501000.0,795724000.0,111618000.0,225018000.0,381448900.0,,-46603000.0,55282000.0,334846000.0,121538000.0,213308000.0,208582000.0,1.87,0.7555,0.3622,0.3179,0.198,0.2749,468793900.0,381449000.0,1.91,,1.8847,,1.93,213308000.0,,208582000.0,0.4451,0.3121,MSCI
2015-06-30 00:00:00,1036115000.0,261678000.0,774437000.0,115091000.0,227167000.0,356382900.0,,-40583000.0,43619000.0,315800000.0,115166000.0,200634000.0,195898000.0,1.72,0.7474,0.344,0.3048,0.1891,0.2463,441909900.0,356383000.0,1.76,,1.7375,,1.78,200634000.0,,195898000.0,0.4265,0.2918,MSCI
2015-03-31 00:00:00,1019761000.0,271100000.0,748661000.0,,234575000.0,346402900.0,,-33936000.0,37869000.0,312467000.0,111047000.0,201420000.0,247541000.0,2.14,0.7342,0.3397,0.3064,0.2427,0.2942,429647900.0,346403000.0,1.74,0.4,2.1605,0.4,1.76,201420000.0,46121000.0,247541000.0,0.4213,0.3404,MSCI
2014-12-31 00:00:00,996680000.0,276623000.0,720057000.0,,240208000.0,337165900.0,,-28828000.0,31820000.0,308338000.0,109396000.0,198942000.0,284113000.0,2.43,0.7225,0.3383,0.3094,0.2851,0.2557,421678900.0,337166000.0,1.7,0.73,2.4548,0.73,1.72,198942000.0,85171000.0,284113000.0,0.4231,0.3067,MSCI
2014-09-30 00:00:00,982439000.0,259563000.0,722876000.0,,237969000.0,335719000.0,,-21115000.0,22942000.0,314604000.0,118056000.0,196548000.0,287030000.0,2.44,0.7358,0.3417,0.3202,0.2922,0.2379,415080000.0,335719100.0,1.65,0.7699,2.4497,0.7799,1.66,196548000.0,90482000.0,287030000.0,0.4225,0.3021,MSCI
2014-06-30 00:00:00,959386000.0,257944000.0,701442000.0,,236968000.0,335587000.0,,-23239000.0,23166000.0,312348000.0,117588000.0,194760000.0,290626000.0,2.46,0.7311,0.3498,0.3256,0.3029,0.2101,417785000.0,335587100.0,1.63,0.81,2.4673,0.82,1.64,194760000.0,95866000.0,290626000.0,0.4355,0.2695,MSCI
2014-03-31 00:00:00,933583000.0,250824000.0,682759000.0,,218294000.0,336945000.0,,-24776000.0,24299000.0,312169000.0,118071000.0,194098000.0,244019000.0,2.04,0.7313,0.3609,0.3344,0.2614,0.2427,421913000.0,336945100.0,1.61,0.42,2.0487,0.42,1.62,194098000.0,49921000.0,244019000.0,0.4519,0.295,MSCI
2013-12-31 00:00:00,913364000.0,240697000.0,672667000.0,,206151000.0,340331000.0,,-27503000.0,26256000.0,312828000.0,112918000.0,199910000.0,222557000.0,1.85,0.7365,0.3726,0.3425,0.2437,0.304,425250000.0,340331100.0,1.64,0.19,1.853,0.19,1.66,199910000.0,22647000.0,222557000.0,0.4656,0.3516,MSCI
2013-09-30 00:00:00,800429000.0,219545000.0,580884000.0,,204168000.0,323290000.0,,-27749000.0,26494000.0,295541000.0,101501000.0,194040000.0,229752000.0,1.89,0.7257,0.4039,0.3692,0.287,0.3202,407480000.0,323290000.0,1.5773,,1.9006,,1.5964,194040000.0,,229752000.0,0.5091,0.3566,MSCI
2013-06-30 00:00:00,807265000.0,219744000.0,587521000.0,,207224000.0,322915000.0,,-29520000.0,27980000.0,293395000.0,101017000.0,192378000.0,222716000.0,1.82,0.7278,0.4,0.3634,0.2759,0.3476,407123000.0,322915000.0,1.5483,,1.833,,1.5712,192378000.0,,222716000.0,0.5043,0.3886,MSCI
2013-03-31 00:00:00,817407000.0,223291000.0,594116000.0,,211984000.0,320147000.0,,-53395000.0,51062000.0,266752000.0,92969000.0,173783000.0,199209000.0,1.63,0.7268,0.3917,0.3263,0.2437,0.3714,424217000.0,320147000.0,1.3928,,1.6368,,1.4189,173783000.0,,199209000.0,0.519,0.4265,MSCI
2012-12-31 00:00:00,826990000.0,230282000.0,596708000.0,,211905000.0,318235000.0,,-57434000.0,56401000.0,260801000.0,96010000.0,164791000.0,184238000.0,1.5,0.7215,0.3848,0.3154,0.2228,0.3658,423603000.0,318235000.0,1.3199,,1.5098,,1.34,164791000.0,,184238000.0,0.5122,0.4197,MSCI
