Date,Revenue,Cost of Revenue,Gross Profit,R&D Expenses,SG&A Expenses,Operating Income,Interest Expense (Operating),Non-operating Income/Expense,Non-operating Interest Expenses,EBT,Income Tax Provision,Income after Tax,Net Income Common,EPS (Basic),Gross Margin,EBIT Margin,EBT margin,Net Profit Margin,Free Cash Flow Margin,EBITDA,EBIT,"EPS (Diluted, from Cont. Ops)","EPS (Diluted, from Disc. Ops)","EPS (Basic, Consolidated)","EPS (Basic, from Discontinued Ops)","EPS (Basic, from Continuous Ops)",Income from Continuous Operations,Income from Discontinued Operations,Consolidated Net Income/Loss,EBITDA Margin,Operating Cash Flow Margin,Ticker
2022-09-30 00:00:00,3208760000.0,1266901000.0,1941859000.0,319450000.0,982120000.0,640289100.0,141919000.0,-416817000.0,106205000.0,82653000.0,-25131000.0,107784000.0,108739000.0,0.32,0.6052,0.1995,0.0258,0.0339,0.15,948609000.0,640288900.0,0.3988,,0.3452,,0.3578,107784000.0,,107784000.0,0.2956,0.1704,MTCH
2022-06-30 00:00:00,3201049000.0,1257035000.0,1944014000.0,298544000.0,995226000.0,650244100.0,136955000.0,-457255000.0,136955000.0,56034000.0,-54385000.0,110419000.0,111253000.0,0.32,0.6073,0.2031,0.0175,0.0348,0.1586,963449000.0,650243900.0,0.3888,,0.3618,,0.3678,110419000.0,,110419000.0,0.301,0.182,MTCH
2022-03-31 00:00:00,3114296000.0,968267000.0,2146029000.0,264267000.0,1001220000.0,870239100.0,133551000.0,-495120000.0,133551000.0,273787000.0,-9017000.0,282804000.0,284006000.0,0.95,0.6891,0.2794,0.0879,0.0912,0.307,952720000.0,870238900.0,0.9588,,0.9934,,0.9978,282804000.0,,283313000.0,0.3059,0.3351,MTCH
2021-12-31 00:00:00,2983277000.0,888296000.0,2094981000.0,241049000.0,981280000.0,851679100.0,130493000.0,-529095000.0,130493000.0,256148000.0,-19897000.0,276045000.0,277723000.0,1.0,0.7022,0.2855,0.0859,0.0931,0.2794,921640000.0,851678900.0,0.93,0.3616,1.0056,0.3619,1.01,276045000.0,,276554000.0,0.3089,0.3062,MTCH
2021-09-30 00:00:00,2828614000.0,803198000.0,2025416000.0,219515000.0,941334000.0,832344000.0,139213000.0,-151729000.0,139213000.0,648765000.0,63817000.0,584948000.0,586934000.0,2.13,0.716,0.2943,0.2294,0.2075,0.3089,889737000.0,832344000.0,1.9297,,2.164,,2.1671,584948000.0,,585457000.0,0.3145,0.3311,MTCH
2021-06-30 00:00:00,2666549000.0,715640000.0,1950909000.0,191821000.0,903264000.0,811921100.0,150552000.0,-146449000.0,139372000.0,665472000.0,71312000.0,594160000.0,596931000.0,2.21,0.7316,0.3045,0.2496,0.2239,0.3026,855824100.0,811921100.0,1.9697,0.1816,2.2307,0.1619,2.2371,594160000.0,-365561000.0,595177000.0,0.3209,0.3238,MTCH
2021-03-31 00:00:00,2514239000.0,671394000.0,1842845000.0,181617000.0,819958000.0,797601100.0,163980000.0,-131216000.0,141904000.0,666385000.0,70848000.0,595537000.0,530953000.0,2.05,0.733,0.3172,0.265,0.2112,0.3217,841270100.0,797601100.0,2.0497,,2.2946,,2.3271,595537000.0,,561434000.0,0.3346,0.3387,MTCH
2020-12-31 00:00:00,2391269000.0,635833000.0,1755436000.0,169811000.0,791114000.0,745715100.0,,-126099000.0,141960000.0,619616000.0,40393000.0,579223000.0,153873000.0,-1.09,0.7341,0.3118,0.2591,0.0643,0.312,794511100.0,745715100.0,2.1,-1.43,0.6949,-1.64,2.37,579223000.0,-698037000.0,213153000.0,0.3323,0.3298,MTCH
2020-09-30 00:00:00,2287029000.0,604640000.0,1682389000.0,163376000.0,750945000.0,714482100.0,,-125757000.0,139234000.0,588725000.0,29747000.0,558978000.0,113719000.0,-0.43,0.7356,0.3124,0.2574,0.0497,0.2875,768068100.0,714482100.0,2.08,-1.7661,0.8493,-1.9743,2.36,558978000.0,-361732000.0,197246000.0,0.3358,0.3055,MTCH
2020-06-30 00:00:00,2188752000.0,573042000.0,1615710000.0,160705000.0,714374000.0,689551000.0,,-128030000.0,146218000.0,561521000.0,4865000.0,556656000.0,101056000.0,0.58,0.7382,0.315,0.2565,0.0462,0.3118,740631000.0,689551000.0,2.13,-1.6678,1.1871,-1.8662,2.42,556656000.0,-340259000.0,216397000.0,0.3384,0.3283,MTCH
2020-03-31 00:00:00,2131275000.0,550854000.0,1580421000.0,151456000.0,713524000.0,665266000.0,,-141696000.0,145012000.0,523570000.0,-10915000.0,534485000.0,139606000.0,1.57,0.7415,0.3121,0.2457,0.0655,0.2634,682422000.0,665266000.0,2.04,-1.3878,1.4134,-1.5562,2.33,534485000.0,-278083000.0,256402000.0,0.3202,0.2742,MTCH
2019-12-31 00:00:00,2692476000.0,667031000.0,2025445000.0,196386000.0,1145191000.0,607767100.0,,-144148000.0,144261000.0,463619000.0,-26317000.0,489936000.0,431131000.0,5.12,0.7523,0.2257,0.1722,0.1601,0.2262,650849000.0,607767100.0,2.6807,0.2224,3.7126,0.244,2.9866,489936000.0,53901000.0,543820000.0,0.2417,0.2407,MTCH
2019-09-30 00:00:00,3249412000.0,778683000.0,2470729000.0,237196000.0,1546655000.0,560338100.0,,5551000.0,131537000.0,565889000.0,-21590000.0,587479000.0,522458000.0,6.22,0.7604,0.1724,0.1742,0.1608,0.1251,506245100.0,560338100.0,2.7767,0.1984,3.5273,0.2183,2.9619,587479000.0,49410000.0,637025000.0,0.1558,0.1256,MTCH
2019-06-30 00:00:00,3812511000.0,877696000.0,2934815000.0,278327000.0,1942111000.0,557934100.0,,22259000.0,120154000.0,580193000.0,-41072000.0,621265000.0,539688000.0,6.45,0.7698,0.1463,0.1522,0.1416,0.1113,533744100.0,557934100.0,4.1222,0.0998,4.7067,0.1183,4.4184,621265000.0,27554000.0,648830000.0,0.14,0.1146,MTCH
2019-03-31 00:00:00,4373660000.0,969255000.0,3404404900.0,321092000.0,2341979000.0,555062000.0,,197051000.0,113965000.0,752113000.0,-30780000.0,782893000.0,644574000.0,7.71,0.7784,0.1269,0.172,0.1474,0.1189,593720000.0,555062000.0,6.7607,,7.2577,,7.2577,782893000.0,,782893000.0,0.1357,0.1286,MTCH
2018-12-31 00:00:00,4262892000.0,911146000.0,3351745900.0,309329000.0,2293519000.0,565138900.0,,196419000.0,109327000.0,761558000.0,3811000.0,757747000.0,626961000.0,7.51,0.7863,0.1326,0.1786,0.1471,0.1361,601284000.0,565138900.0,6.4962,,6.9696,,6.9696,757747000.0,,757747000.0,0.1411,0.1434,MTCH
2018-09-30 00:00:00,4109374000.0,857151000.0,3252222900.0,300166000.0,2270431100.0,525578800.0,,53912000.0,112210000.0,579491000.0,15872000.0,563619000.0,468013000.0,5.62,0.7914,0.1279,0.141,0.1139,0.1731,681625800.0,525578800.0,6.2425,,6.7696,,6.7696,563619000.0,,563619000.0,0.1659,0.1924,MTCH
2018-06-30 00:00:00,3833216000.0,786203000.0,3047012900.0,293071000.0,2281185100.0,334157900.0,,38157000.0,109636000.0,372315000.0,-245366000.0,617681000.0,501882000.0,6.09,0.7949,0.0872,0.0971,0.1309,0.1475,472756900.0,334157900.0,6.9647,,7.5051,,7.5051,617681000.0,,617681000.0,0.1233,0.1666,MTCH
2018-03-31 00:00:00,3541481000.0,707012000.0,2834469000.0,273056000.0,2193488100.0,241356100.0,,-120126000.0,107008000.0,121230000.0,-296154000.0,417384000.0,349797000.0,4.32,0.8004,0.0682,0.0342,0.0988,0.1191,367925100.0,241356100.0,4.8378,,5.1646,,5.1646,417384000.0,,417384000.0,0.1039,0.1414,MTCH
2017-12-31 00:00:00,3307239000.0,651008000.0,2656231000.0,250879000.0,2100478100.0,188466100.0,,-121508000.0,105295000.0,66958000.0,-291050000.0,358008000.0,304924000.0,3.8,0.8032,0.057,0.0202,0.0922,0.1032,304874100.0,188466100.0,4.1966,,4.4701,,4.4701,358008000.0,,358008000.0,0.0922,0.126,MTCH
2017-09-30 00:00:00,3167816000.0,663749000.0,2504067000.0,231233000.0,1953548000.0,206926500.0,,-68499000.0,101044000.0,138427000.0,-310349000.0,448776000.0,374171000.0,4.69,0.7905,0.0653,0.0437,0.1181,0.1187,319286400.0,206926400.0,5.3538,,5.6143,,5.6143,448776000.0,,448776000.0,0.1008,0.1414,MTCH
2017-06-30 00:00:00,3103484000.0,676590000.0,2426894000.0,210292000.0,1782554000.0,311099400.0,,-48665000.0,103126000.0,262434000.0,-13043000.0,275477000.0,237690000.0,3.01,0.782,0.1002,0.0846,0.0766,0.1076,434048300.0,311099300.0,3.4074,,3.4804,,3.4804,275477000.0,,275477000.0,0.1399,0.1349,MTCH
2017-03-31 00:00:00,3081536000.0,707954000.0,2373582000.0,208427000.0,1756234000.0,-16981700.0,,-69003000.0,106042000.0,-85985000.0,-90363000.0,4378000.0,-23353000.0,-0.28,0.7703,-0.0055,-0.0279,-0.0076,0.0972,408921200.0,-16981800.0,0.0497,,0.0655,,0.0655,4378000.0,,4378000.0,0.1327,0.121,MTCH
2016-12-31 00:00:00,3139882000.0,755730000.0,2384152000.0,212765000.0,1777543000.0,-32624600.0,,-48460000.0,109110000.0,-81085000.0,-64934000.0,-16151000.0,-41280000.0,-0.52,0.7593,-0.0104,-0.0258,-0.0131,0.0848,393844300.0,-32624700.0,-0.2018,,-0.2018,,-0.2018,-16151000.0,,-16151000.0,0.1254,0.1096,MTCH
2016-09-30 00:00:00,3177448000.0,757346000.0,2420102000.0,220444000.0,1828567000.0,-150875000.0,,-93393000.0,110988000.0,-244268000.0,-82600000.0,-161668000.0,-175180000.0,-2.19,0.7616,-0.0475,-0.0769,-0.0551,0.1056,371091000.0,-150875000.0,-2.0969,,-2.0229,,-2.0944,-161668000.0,,-161657000.0,0.1168,0.1309,MTCH
2016-06-30 00:00:00,3251907000.0,777592000.0,2474315000.0,217599000.0,1888334000.0,-149329100.0,,-59569000.0,99862000.0,-208898000.0,-59916000.0,-148982000.0,-152731000.0,-1.94,0.7609,-0.0459,-0.0642,-0.047,0.1023,368381900.0,-149329100.0,-1.9982,,-1.8965,,-1.9625,-148982000.0,,-148954000.0,0.1133,0.124,MTCH
2016-03-31 00:00:00,3277600000.0,785158000.0,2492442000.0,210464000.0,1898387000.0,165885900.0,,-41585000.0,87432000.0,124301000.0,24856000.0,99445000.0,101349000.0,1.23,0.7604,0.0506,0.0379,0.0309,0.117,383590900.0,165885900.0,1.0779,,1.2001,,1.1536,99445000.0,,99320000.0,0.117,0.1369,MTCH
2015-12-31 00:00:00,3230933000.0,778161000.0,2452772000.0,196623000.0,1860348000.0,179587800.0,,-36698000.0,73636000.0,142890000.0,29516000.0,113374000.0,119472000.0,1.45,0.7592,0.0556,0.0442,0.037,0.1064,395800800.0,179587800.0,1.2844,,1.3669,,1.3669,113374000.0,,113374000.0,0.1225,0.1256,MTCH
2015-09-30 00:00:00,3212959200.0,779622000.0,2433337200.0,180709000.0,1838203100.0,295390100.0,,-3994000.0,59465000.0,291396000.0,78636000.0,212760000.0,221493000.0,2.67,0.7574,0.0919,0.0907,0.0689,0.078,414425100.0,295389900.0,2.52,0.0128,2.5826,0.0235,2.66,212760000.0,614000.0,213374000.0,0.129,0.0976,MTCH
2015-06-30 00:00:00,3156629200.0,804940000.0,2351689200.0,174541000.0,1746279100.0,309213200.0,,-32908000.0,57482000.0,276305000.0,-21690000.0,297995000.0,482694000.0,5.79,0.745,0.098,0.0875,0.1529,0.0962,430869200.0,309213000.0,3.48,1.9918,5.6979,2.1256,3.68,297995000.0,176327000.0,474322000.0,0.1365,0.1144,MTCH
2015-03-31 00:00:00,3141812200.0,837707000.0,2304105200.0,166956000.0,1674607100.0,342134200.0,,-99852000.0,56314000.0,242282000.0,20167000.0,222115000.0,405393000.0,4.85,0.7334,0.1089,0.0771,0.129,0.101,462542200.0,342134000.0,2.59,1.9832,4.7706,2.1171,2.75,222115000.0,175612000.0,397727000.0,0.1472,0.1202,MTCH
2014-12-31 00:00:00,3109547200.0,860204000.0,2249343200.0,160515000.0,1591019100.0,378727200.0,,-108798000.0,56314000.0,269929000.0,35372000.0,234557000.0,414873000.0,4.97,0.7234,0.1218,0.0868,0.1334,0.118,497809200.0,378727000.0,2.71,1.9725,4.9131,2.0972,2.88,234557000.0,174673000.0,409230000.0,0.1601,0.1364,MTCH
2014-09-30 00:00:00,3003248000.0,844489000.0,2158759000.0,153710000.0,1508734000.0,381306800.0,,-111235000.0,52771000.0,270072000.0,24672000.0,245400000.0,421618000.0,5.06,0.7188,0.127,0.0899,0.1404,0.1086,496314800.0,381306800.0,2.79,1.9518,5.0247,2.0748,2.96,245400000.0,174072000.0,419472000.0,0.1653,0.127,MTCH
2014-06-30 00:00:00,2977889000.0,868650000.0,2109239000.0,148251000.0,1447685000.0,402357800.0,,-94884000.0,46385000.0,307474000.0,120614000.0,186860000.0,191746000.0,2.32,0.7083,0.1351,0.1033,0.0644,0.0915,513302800.0,402357800.0,2.17,0.0226,2.2758,0.0225,2.27,186860000.0,2256000.0,189116000.0,0.1724,0.1113,MTCH
2014-03-31 00:00:00,3020985000.0,930742000.0,2090243000.0,143458000.0,1415966000.0,413363800.0,,-19828000.0,39997000.0,393536000.0,130141000.0,263395000.0,268032000.0,3.21,0.6919,0.1368,0.1303,0.0887,0.1009,530818800.0,413363800.0,3.07,0.0207,3.19,0.0201,3.19,263395000.0,2056000.0,265451000.0,0.1757,0.1196,MTCH
2013-12-31 00:00:00,3022987000.0,977357000.0,2045630000.0,139759000.0,1360916000.0,426202800.0,,-9902000.0,33596000.0,416301000.0,134502000.0,281799000.0,285784000.0,3.41,0.6767,0.141,0.1377,0.0945,0.1094,544954800.0,426202800.0,3.27,0.02,3.3987,0.02,3.4,281799000.0,1926000.0,283725000.0,0.1803,0.1359,MTCH
2013-09-30 00:00:00,3063783100.0,1046065000.0,2017718100.0,142938000.0,1353743100.0,398545100.0,,-14024000.0,24991000.0,384521000.0,137143000.0,247378000.0,249606000.0,2.94,0.6586,0.1301,0.1255,0.0815,0.0889,521037100.0,398545200.0,2.85,-0.0018,2.9329,-0.0089,2.98,247378000.0,-568000.0,246810000.0,0.1701,0.116,MTCH
2013-06-30 00:00:00,3021381100.0,1059484000.0,1961897100.0,135302000.0,1357688100.0,354574100.0,,-24109000.0,18759000.0,330465000.0,128623000.0,201842000.0,193383000.0,2.23,0.6493,0.1174,0.1094,0.064,0.0988,468907100.0,354574200.0,2.26,-0.1118,2.2414,-0.1189,2.38,201842000.0,-10106000.0,191736000.0,0.1552,0.1249,MTCH
2013-03-31 00:00:00,2902582100.0,1023966000.0,1878616100.0,128161000.0,1307911100.0,345354100.0,,-36110000.0,12465000.0,309244000.0,117841000.0,191403000.0,178425000.0,2.06,0.6472,0.119,0.1065,0.0615,0.1077,442544100.0,345354200.0,2.09,-0.15,2.0583,-0.16,2.23,191403000.0,-13679000.0,177724000.0,0.1525,0.1336,MTCH
2012-12-31 00:00:00,2800933100.0,991688000.0,1809245100.0,116526000.0,1280899100.0,323568100.0,,-34506000.0,6149000.0,289062000.0,119215000.0,169847000.0,159266000.0,1.84,0.6459,0.1155,0.1032,0.0569,0.1083,411820100.0,323568200.0,1.81,-0.1,1.8643,-0.1,1.95,169847000.0,-9051000.0,160796000.0,0.147,0.1266,MTCH
