Date,Revenue,Cost of Revenue,Gross Profit,R&D Expenses,SG&A Expenses,Operating Income,Interest Expense (Operating),Non-operating Income/Expense,Non-operating Interest Expenses,Investment Gain/Loss (Other),Income (Other),EBT,Income Tax Provision,Income after Tax,Minority Interest,Net Income Common,EPS (Basic),Gross Margin,EBIT Margin,EBT margin,Net Profit Margin,Free Cash Flow Margin,EBITDA,EBIT,"EPS (Diluted, from Cont. Ops)","EPS (Basic, Consolidated)","EPS (Basic, from Continuous Ops)",Income from Continuous Operations,Income from Discontinued Operations,Consolidated Net Income/Loss,EBITDA Margin,Operating Cash Flow Margin,Ticker
2022-09-30 00:00:00,3812000000.0,4556000000.0,-744000000.0,,1274210000.0,-1957660200.0,586000000.0,1159000000.0,1574412100.0,,,-3364000000.0,-6000000.0,-3360150000.0,,-3360000000.0,-8.28,-0.1952,-0.5136,-0.8825,-0.8814,-0.5729,-1232000000.0,-1957660000.0,-8.2151,-8.2151,-8.2151,-3360150000.0,,-3360000000.0,-0.3232,-0.0898,NCLH
2022-06-30 00:00:00,2349000000.0,3700000000.0,-1350000000.0,,1127919000.0,-2461536100.0,594000000.0,1067000000.0,1583287100.0,,,-3904000000.0,5000000.0,-3910641000.0,,-3911000000.0,-9.87,-0.5747,-1.0479,-1.662,-1.665,-0.7937,-1705000000.0,-2461535900.0,-9.7992,-9.7992,-9.7992,-3910641000.0,,-3911000000.0,-0.7258,-0.4661,NCLH
2022-03-31 00:00:00,1166368000.0,2658727000.0,-1491359000.0,,984322000.0,-2669838100.0,606000000.0,872242000.0,1576169100.0,,,-4110862000.0,6927000.0,-4119109000.0,,-4119789000.0,-10.59,-1.2786,-2.289,-3.5245,-3.5322,-2.3739,-1883467000.0,-2669837900.0,-10.5242,-10.5242,-10.5242,-4119109000.0,,-4119789000.0,-1.6148,-1.7036,NCLH
2021-12-31 00:00:00,647468000.0,1937582000.0,-1289114000.0,,891310000.0,-2552348200.0,667337000.0,-99956000.0,2072925100.0,,,-4501326000.0,4655000.0,-4506587000.0,,-4506981000.0,-12.4,-1.991,-3.942,-6.9522,-6.9609,-4.9745,-1768925100.0,-2552348000.0,-12.3317,-12.3317,-12.3317,-4506587000.0,,-4506981000.0,-2.7321,-3.8118,NCLH
2021-09-30 00:00:00,170047100.0,1259574100.0,-1088527000.0,,804242000.0,-2412356500.0,673229000.0,-1092485000.0,1282110000.0,,,-3638735200.0,34179000.0,-3672799200.0,,-3672914000.0,-10.9,-6.4013,-14.1864,-21.3984,-21.5994,-20.0115,-1666394500.0,-2412356300.0,-9.8499,-9.8499,-9.8499,-3672799200.0,,-3672914000.0,-9.7996,-16.407,NCLH
2021-06-30 00:00:00,23565100.0,847731100.0,-824166000.0,,731898000.0,-2241033500.0,645147000.0,-1232829000.0,1260569000.0,,,-3473862200.0,30418000.0,-3504280200.0,,-3504280000.0,-11.11,-34.974,-95.0997,-147.4156,-148.7063,-137.5113,-1508344500.0,-2241033300.0,-10.0593,-10.0593,-10.0593,-3504280200.0,,-3504280000.0,-64.0076,-114.9971,NCLH
2021-03-31 00:00:00,36126100.0,899656100.0,-863530000.0,,677851000.0,-2231340400.0,596996000.0,-1250026000.0,1237847000.0,,,-3481366200.0,20368000.0,-3501734200.0,,-3501734000.0,-12.16,-23.9032,-61.7653,-96.3671,-96.9309,-105.9703,-1503108500.0,-2231340200.0,-11.1074,-11.1074,-11.1074,-3501734200.0,,-3501734000.0,-41.6073,-92.8845,NCLH
2020-12-31 00:00:00,1279908100.0,1693061000.0,-413153000.0,,745345000.0,-3484135300.0,465659000.0,-515912000.0,482313000.0,,,-4000047200.0,12467000.0,-4012514200.0,,-4012514000.0,-16.8,-0.3228,-2.7222,-3.1253,-3.135,-2.7367,-2744516400.0,-3484135100.0,-15.7522,-15.7522,-15.7522,-4012514200.0,,-4012514000.0,-2.1443,-1.9972,NCLH
2020-09-30 00:00:00,2750947000.0,2373491100.0,377455900.0,,788640000.0,-2737879300.0,370767000.0,-435868000.0,396315000.0,,,-3173747000.0,-21463000.0,-3152284000.0,,-3152284000.0,-13.72,0.1372,-0.9952,-1.1537,-1.1459,-1.2495,-2008066400.0,-2737879300.0,-13.7301,-13.723,-13.723,-3152284000.0,,-3152284000.0,-0.73,-0.5609,NCLH
2020-06-30 00:00:00,4658280000.0,3174098100.0,1484181800.0,,887132000.0,-1708372300.0,,-322461000.0,316839000.0,,,-2030833000.0,-6499000.0,-2024334000.0,,-2024334000.0,-9.12,0.3186,-0.3667,-0.436,-0.4346,-0.5358,-1008366400.0,-1708372300.0,-9.1437,-9.124,-9.124,-2024334000.0,,-2024334000.0,-0.2165,-0.1174,NCLH
2020-03-31 00:00:00,6305628000.0,3830870100.0,2474757800.0,,996597000.0,-804280400.0,,-255859000.0,268271000.0,,,-1060139000.0,8762000.0,-1068901000.0,,-1068901000.0,-5.02,0.3925,-0.1275,-0.1681,-0.1695,-0.1253,-131697400.0,-804280400.0,-5.0475,-5.0206,-5.0206,-1068901000.0,,-1068901000.0,-0.0209,0.197,NCLH
2019-12-31 00:00:00,6462376000.0,3663261100.0,2799114900.0,,974850000.0,1178076600.0,,-266712000.0,272867000.0,,,911365000.0,-18863000.0,930228000.0,,930228000.0,4.32,0.4331,0.1823,0.141,0.1439,0.0287,1825178600.0,1178076600.0,4.2971,4.3281,4.3281,930228000.0,,930228000.0,0.2824,0.282,NCLH
2019-09-30 00:00:00,6362951000.0,3593096800.0,2769854400.0,,953934000.0,1188281300.0,,-245106000.0,267838000.0,,,943175000.0,-20390000.0,963565000.0,,963565000.0,4.45,0.4353,0.1868,0.1482,0.1514,0.1542,1817596300.0,1188281200.0,4.4213,4.4519,4.4519,963565000.0,,963565000.0,0.2857,0.2832,NCLH
2019-06-30 00:00:00,6307456000.0,3531276800.0,2776179400.0,,934222000.0,1226833200.0,,-264611000.0,277190000.0,,,962222000.0,-21137000.0,983359000.0,,983359000.0,4.47,0.4401,0.1945,0.1526,0.1559,0.1797,1845434200.0,1226833100.0,4.4421,4.4719,4.4719,983359000.0,,983359000.0,0.2926,0.2953,NCLH
2019-03-31 00:00:00,6165353000.0,3435635800.0,2729717400.0,,919856000.0,1210304200.0,,-262324000.0,284209000.0,,,947980000.0,-21865000.0,969845000.0,,969845000.0,4.38,0.4428,0.1963,0.1538,0.1573,0.0575,1812444200.0,1210304100.0,4.3445,4.372,4.372,969845000.0,,969845000.0,0.294,0.3231,NCLH
2018-12-31 00:00:00,6055126000.0,3377075900.0,2678050300.0,,897929000.0,1219061200.0,,-249751000.0,270404000.0,,,969310000.0,14467000.0,954843000.0,,954843000.0,4.29,0.4423,0.2013,0.1601,0.1577,0.084,1786033200.0,1219061100.0,4.2548,4.2818,4.2818,954843000.0,,954843000.0,0.295,0.3427,NCLH
2018-09-30 00:00:00,5923486000.0,3313257000.0,2610228700.0,,874827000.0,1186674900.0,,-273896000.0,286535000.0,,,912779000.0,13773000.0,899006000.0,,899006000.0,4.02,0.4407,0.2003,0.1541,0.1518,0.0603,1742355900.0,1186674700.0,4.0034,4.0262,4.0262,899006000.0,,899006000.0,0.2941,0.3312,NCLH
2018-06-30 00:00:00,5716868000.0,3222478000.0,2494389800.0,,841612000.0,1113219100.0,,-274055000.0,283334000.0,,,839164000.0,9844000.0,829320000.0,,829320000.0,3.66,0.4363,0.1947,0.1468,0.1451,0.0659,1660927100.0,1113218900.0,3.6352,3.6581,3.6581,829320000.0,,829320000.0,0.2905,0.3385,NCLH
2018-03-31 00:00:00,5538797000.0,3111937100.0,2426859800.0,,808726000.0,1096138000.0,,-283794000.0,274542000.0,,,812344000.0,11227000.0,801117000.0,,801117000.0,3.51,0.4382,0.1979,0.1467,0.1446,0.0684,1630575000.0,1096137800.0,3.4914,3.5138,3.5138,801117000.0,,801117000.0,0.2944,0.3208,NCLH
2017-12-31 00:00:00,5396175000.0,3063644100.0,2332530800.0,,773755000.0,1048819000.0,,-278205000.0,267804000.0,,,770614000.0,10742000.0,759872000.0,,759872000.0,3.33,0.4323,0.1944,0.1428,0.1408,0.0424,1570303000.0,1048818800.0,3.3122,3.3323,3.3323,759872000.0,,759872000.0,0.291,0.2967,NCLH
2017-09-30 00:00:00,5271759000.0,3005315500.0,2266443700.0,,749376000.0,1025174800.0,,-278225000.0,271518000.0,,,746950000.0,13643000.0,733307000.0,,733307000.0,3.22,0.4299,0.1945,0.1417,0.1391,0.0435,1529400800.0,1025174700.0,3.1966,3.216,3.216,733307000.0,,733307000.0,0.2901,0.2912,NCLH
2017-06-30 00:00:00,5104757000.0,2951884500.0,2152872700.0,,721968000.0,961968600.0,,-274619000.0,265841000.0,,,687350000.0,12357000.0,674993000.0,,674993000.0,2.97,0.4217,0.1884,0.1346,0.1322,0.0085,1443953600.0,961968500.0,2.9574,2.9682,2.9682,674993000.0,,674993000.0,0.2829,0.2813,NCLH
2017-03-31 00:00:00,4947489000.0,2905542400.0,2041946700.0,,677626000.0,913915700.0,,-283987000.0,270065000.0,,,629929000.0,8163000.0,621766000.0,,621766000.0,2.74,0.4127,0.1847,0.1273,0.1257,0.0588,1376457700.0,913915600.0,2.7284,2.7373,2.7373,621766000.0,,621766000.0,0.2782,0.2767,NCLH
2016-12-31 00:00:00,4874340000.0,2850225400.0,2024114700.0,,666156000.0,925463700.0,,-285161000.0,276859000.0,,,640303000.0,7218000.0,633085000.0,,633085000.0,2.79,0.4153,0.1899,0.1314,0.1299,0.0353,1371098700.0,925463600.0,2.7785,2.7874,2.7874,633085000.0,,633085000.0,0.2813,0.2593,NCLH
2016-09-30 00:00:00,4785726000.0,2812863100.0,1972862600.0,,647814000.0,889835400.0,,-281886000.0,257526000.0,,,607950000.0,8785000.0,599165000.0,,599165000.0,2.64,0.4122,0.1859,0.127,0.1252,-0.1148,1339675400.0,889835600.0,2.6333,2.641,2.641,599165000.0,,599165000.0,0.2799,0.2419,NCLH
2016-06-30 00:00:00,4585900000.0,2745851100.0,1840048600.0,,623559000.0,783053600.0,,-267408000.0,246648000.0,,,515646000.0,7072000.0,508574000.0,,508574000.0,2.24,0.4012,0.1708,0.1124,0.1109,-0.1316,1230939600.0,783053800.0,2.2224,2.2407,2.2407,508574000.0,,508574000.0,0.2684,0.2352,NCLH
2016-03-31 00:00:00,4484498000.0,2696230000.0,1788267700.0,,581416000.0,773418700.0,,-244398000.0,230674000.0,,,529021000.0,7199000.0,521822000.0,,521822000.0,2.3,0.3988,0.1725,0.118,0.1164,-0.0275,1223906600.0,773418900.0,2.2734,2.303,2.303,521822000.0,,521822000.0,0.2729,0.2358,NCLH
2015-12-31 00:00:00,4345048000.0,2655449000.0,1689598700.0,,554999000.0,702485700.0,,-268577000.0,221909000.0,,,433909000.0,6772000.0,427137000.0,,427137000.0,1.88,0.3889,0.1617,0.0999,0.0983,-0.0184,1152820600.0,702485900.0,1.8567,1.885,1.885,427137000.0,,427137000.0,0.2653,0.2399,NCLH
2015-09-30 00:00:00,4097434000.0,2516320900.0,1581113100.0,,551464000.0,631006300.0,,-259404000.0,209657000.0,,,371602000.0,8425000.0,363177000.0,,363216000.0,1.59,0.3859,0.154,0.0907,0.0886,0.1166,1050438200.0,631006300.0,1.5439,1.5678,1.5678,363177000.0,,363177000.0,0.2564,0.2217,NCLH
2015-06-30 00:00:00,3719541000.0,2309896900.0,1409644100.0,,498017000.0,558996200.0,,-236929000.0,192157000.0,,,322067000.0,7399000.0,314668000.0,,312507000.0,1.47,0.379,0.1503,0.0866,0.084,0.1199,937362100.0,558996200.0,1.4254,1.4608,1.4608,314668000.0,,314668000.0,0.252,0.2227,NCLH
2015-03-31 00:00:00,3400035000.0,2124414000.0,1275621000.0,,473937000.0,490201100.0,,-212951000.0,171571000.0,,,277250000.0,7797000.0,269453000.0,,265629000.0,1.31,0.3752,0.1442,0.0815,0.0781,0.1267,829903100.0,490201100.0,1.2752,1.3113,1.3113,269453000.0,,269453000.0,0.2441,0.2124,NCLH
2014-12-31 00:00:00,3125881000.0,1946624000.0,1179257000.0,,403169000.0,502941200.0,,-162607000.0,151754000.0,,,340334000.0,-2267000.0,342601000.0,,338352000.0,1.66,0.3773,0.1609,0.1089,0.1082,-0.1053,807818200.0,502941200.0,1.6159,1.659,1.659,342601000.0,,342601000.0,0.2584,0.2033,NCLH
2014-09-30 00:00:00,2937317000.0,1845792900.0,1091524100.0,,327816000.0,517929200.0,,-116408000.0,119949000.0,,,401521000.0,-3135000.0,404656000.0,,400053000.0,1.96,0.3716,0.1763,0.1367,0.1362,-0.0438,796203200.0,517929200.0,1.9645,2.0013,2.0013,404656000.0,,404656000.0,0.2711,0.2648,NCLH
2014-06-30 00:00:00,2828185000.0,1790596900.0,1037588100.0,,308311000.0,491187200.0,,-114619000.0,114292000.0,,,376568000.0,2296000.0,374272000.0,,369833000.0,1.81,0.3669,0.1737,0.1331,0.1308,-0.0581,761580200.0,491187200.0,1.8102,1.8468,1.8468,374272000.0,,374272000.0,0.2693,0.2622,NCLH
2014-03-31 00:00:00,2706691000.0,1740879900.0,965811100.0,,299338000.0,437988200.0,,-185691000.0,186118000.0,,,252297000.0,219000.0,252078000.0,,249376000.0,1.23,0.3568,0.1618,0.0932,0.0921,-0.3388,697327200.0,437988200.0,1.2283,1.2504,1.2504,252078000.0,,252078000.0,0.2576,0.2295,NCLH
2013-12-31 00:00:00,2570294000.0,1657658900.0,912635100.0,,301155000.0,395887100.0,,-281199000.0,282602000.0,,,114688000.0,11802000.0,102886000.0,,101714000.0,0.49,0.3551,0.154,0.0446,0.0396,-0.1564,640998100.0,395887100.0,0.4917,0.5068,0.5068,102886000.0,,102886000.0,0.2494,0.1849,NCLH
2013-09-30 00:00:00,2473120000.0,1584470000.0,888650000.0,,297373000.0,383938000.0,,-305042000.0,305639000.0,,,78955000.0,11416000.0,67539000.0,,66675000.0,0.32,0.3593,0.1552,0.0319,0.027,-0.1979,619430000.0,383938000.0,0.2912,0.3164,0.3164,67532000.0,,67532000.0,0.2505,0.17,NCLH
2013-06-30 00:00:00,2349646000.0,1522439000.0,827207000.0,,277546000.0,349996000.0,,-323341000.0,326208000.0,,,26714000.0,3881000.0,22833000.0,,24005000.0,0.2,0.3521,0.149,0.0114,0.0102,-0.2095,576330000.0,349996000.0,0.1865,0.1897,0.1897,22826000.0,,22826000.0,0.2453,0.1684,NCLH
2013-03-31 00:00:00,2288447000.0,1489101000.0,799346000.0,,265242000.0,341613000.0,,-270988000.0,271427000.0,,,70684000.0,2905000.0,67779000.0,,68877000.0,0.44,0.3493,0.1493,0.0309,0.0301,-0.0185,560753000.0,341613000.0,0.4315,0.4356,0.4356,67772000.0,,67772000.0,0.245,0.1408,NCLH
2012-12-31 00:00:00,2276246000.0,1478439000.0,797807000.0,0.0,251198000.0,357069000.0,,-187856000.0,189941000.0,0.0,0.0,169272000.0,2409000.0,168563000.0,0.0,168556000.0,0.95,0.3505,0.1569,0.0744,0.074,0.0416,573199000.0,357069000.0,0.9415,0.9456,0.9456,168556000.0,0.0,168556000.0,0.2518,0.1751,NCLH
