Date,Revenue,Cost of Revenue,Gross Profit,SG&A Expenses,Operating Income,Non-operating Income/Expense,Non-operating Interest Expenses,EBT,Income Tax Provision,Income after Tax,Net Income Common,EPS (Basic),Gross Margin,EBIT Margin,EBT margin,Net Profit Margin,Free Cash Flow Margin,EBITDA,EBIT,"EPS (Diluted, from Cont. Ops)","EPS (Basic, Consolidated)","EPS (Basic, from Continuous Ops)",Income from Continuous Operations,Consolidated Net Income/Loss,EBITDA Margin,Operating Cash Flow Margin,Ticker
2022-09-30 00:00:00,6110000000.0,2550000000.0,3560000000.0,1668000000.0,1559000000.0,-92000000.0,126000000.0,1467000000.0,323000000.0,1144000000.0,1145000000.0,2.3133,0.5827,0.2552,0.2401,0.1874,0.2337,1835000000.0,1559000000.0,2.2831,2.3105,2.3105,1144000000.0,1144000000.0,0.3003,0.2612,NDAQ
2022-06-30 00:00:00,5910000000.0,2402000000.0,3508000000.0,1655000000.0,1517000000.0,-61000000.0,127000000.0,1456000000.0,318000000.0,1138000000.0,1139000000.0,2.2866,0.5936,0.2567,0.2464,0.1927,0.2431,1796000000.0,1517000000.0,2.2549,2.2845,2.2845,1138000000.0,1138000000.0,0.3039,0.2701,NDAQ
2022-03-31 00:00:00,5770000000.0,2309000000.0,3461000000.0,1620000000.0,1481000000.0,32000000.0,128000000.0,1513000000.0,341000000.0,1172000000.0,1173000000.0,2.3566,0.5998,0.2567,0.2622,0.2033,0.1972,1763000000.0,1481000000.0,2.3196,2.3535,2.3535,1172000000.0,1172000000.0,0.3055,0.2243,NDAQ
2021-12-31 00:00:00,5886000000.0,2466000000.0,3420000000.0,1583000000.0,1441000000.0,93000000.0,125000000.0,1534000000.0,347000000.0,1187000000.0,1187000000.0,2.3866,0.581,0.2448,0.2606,0.2017,0.1563,1719000000.0,1441000000.0,2.3501,2.385,2.385,1187000000.0,1187000000.0,0.292,0.184,NDAQ
2021-09-30 00:00:00,5881000000.0,2558000000.0,3323000000.0,1523000000.0,1415000000.0,71000000.0,120000000.0,1486000000.0,334000000.0,1152000000.0,1152000000.0,2.3232,0.565,0.2406,0.2527,0.1959,0.1634,1665000000.0,1415000000.0,2.29,2.3238,2.3238,1152000000.0,1152000000.0,0.2831,0.1928,NDAQ
2021-06-30 00:00:00,5937000000.0,2737000000.0,3200000000.0,1447000000.0,1385000000.0,87000000.0,111000000.0,1472000000.0,344000000.0,1128000000.0,1128000000.0,2.2866,0.539,0.2333,0.2479,0.19,0.1174,1620000000.0,1385000000.0,2.2513,2.2873,2.2873,1128000000.0,1128000000.0,0.2729,0.1513,NDAQ
2021-03-31 00:00:00,5923000000.0,2870000000.0,3053000000.0,1395000000.0,1324000000.0,10000000.0,104000000.0,1334000000.0,306000000.0,1028000000.0,1028000000.0,2.0833,0.5154,0.2235,0.2252,0.1736,0.1793,1541000000.0,1324000000.0,2.0521,2.0841,2.0841,1028000000.0,1028000000.0,0.2602,0.2137,NDAQ
2020-12-31 00:00:00,5625000000.0,2722000000.0,2903000000.0,1386000000.0,1234000000.0,-22000000.0,101000000.0,1212000000.0,279000000.0,933000000.0,933000000.0,1.89,0.5161,0.2194,0.2155,0.1659,0.1892,1436000000.0,1234000000.0,1.8633,1.8914,1.8914,933000000.0,933000000.0,0.2553,0.2226,NDAQ
2020-09-30 00:00:00,5226000000.0,2465000000.0,2761000000.0,1326000000.0,1176000000.0,22000000.0,103000000.0,1198000000.0,287000000.0,911000000.0,911000000.0,1.8467,0.5283,0.225,0.2292,0.1743,0.1892,1372000000.0,1176000000.0,1.8205,1.8477,1.8477,911000000.0,911000000.0,0.2625,0.2212,NDAQ
2020-06-30 00:00:00,4909000000.0,2231000000.0,2678000000.0,1319000000.0,1076000000.0,-20000000.0,108000000.0,1056000000.0,259000000.0,797000000.0,797000000.0,1.6133,0.5455,0.2192,0.2151,0.1624,0.23,1268000000.0,1076000000.0,1.5944,1.616,1.616,797000000.0,797000000.0,0.2583,0.2569,NDAQ
2020-03-31 00:00:00,4572000000.0,1970000000.0,2602000000.0,1316000000.0,1017000000.0,-38000000.0,113000000.0,979000000.0,249000000.0,730000000.0,730000000.0,1.4733,0.5691,0.2224,0.2141,0.1597,0.1909,1207000000.0,1017000000.0,1.4579,1.4768,1.4768,730000000.0,730000000.0,0.264,0.22,NDAQ
2019-12-31 00:00:00,4258000000.0,1723000000.0,2535000000.0,1259000000.0,1017000000.0,2000000.0,124000000.0,1019000000.0,245000000.0,774000000.0,774000000.0,1.56,0.5953,0.2388,0.2393,0.1818,0.1963,1207000000.0,1017000000.0,1.5451,1.5644,1.5644,774000000.0,774000000.0,0.2835,0.2262,NDAQ
2019-09-30 00:00:00,4331000000.0,1797000000.0,2534000000.0,1274000000.0,997000000.0,98000000.0,134000000.0,1095000000.0,568000000.0,527000000.0,527000000.0,1.06,0.5851,0.2302,0.2528,0.1217,0.1979,1191000000.0,997000000.0,1.0533,1.0658,1.0658,527000000.0,527000000.0,0.275,0.2272,NDAQ
2019-06-30 00:00:00,4199000000.0,1697000000.0,2502000000.0,1250000000.0,1017000000.0,72000000.0,143000000.0,1089000000.0,549000000.0,540000000.0,540000000.0,1.0867,0.5959,0.2422,0.2593,0.1286,0.1829,1217000000.0,1017000000.0,1.0788,1.0923,1.0923,540000000.0,540000000.0,0.2898,0.2136,NDAQ
2019-03-31 00:00:00,4165000000.0,1671000000.0,2494000000.0,1239000000.0,1030000000.0,108000000.0,149000000.0,1138000000.0,610000000.0,528000000.0,528000000.0,1.0634,0.5988,0.2473,0.2732,0.1268,0.2101,1235000000.0,1030000000.0,1.0542,1.0678,1.0678,528000000.0,528000000.0,0.2965,0.2377,NDAQ
2018-12-31 00:00:00,4277000000.0,1751000000.0,2526000000.0,1267000000.0,1028000000.0,36000000.0,150000000.0,1064000000.0,606000000.0,458000000.0,458000000.0,0.92,0.5906,0.2404,0.2488,0.1071,0.2144,1238000000.0,1028000000.0,0.9104,0.9233,0.9233,458000000.0,458000000.0,0.2895,0.2404,NDAQ
2018-09-30 00:00:00,4162000000.0,1650000000.0,2512000000.0,1245000000.0,1029000000.0,-81000000.0,149000000.0,948000000.0,201000000.0,747000000.0,747000000.0,1.5,0.6036,0.2472,0.2278,0.1795,0.2052,1236000000.0,1029000000.0,1.4783,1.5002,1.5002,747000000.0,747000000.0,0.297,0.2326,NDAQ
2018-06-30 00:00:00,4163000000.0,1648000000.0,2515000000.0,1241000000.0,1045000000.0,-72000000.0,145000000.0,973000000.0,219000000.0,754000000.0,754000000.0,1.5133,0.6041,0.251,0.2337,0.1811,0.222,1247000000.0,1045000000.0,1.4868,1.5093,1.5093,754000000.0,754000000.0,0.2995,0.252,NDAQ
2018-03-31 00:00:00,4130000000.0,1634000000.0,2496000000.0,1234000000.0,1018000000.0,-122000000.0,144000000.0,896000000.0,158000000.0,738000000.0,738000000.0,1.4833,0.6044,0.2465,0.2169,0.1787,0.2218,1214000000.0,1018000000.0,1.453,1.4777,1.4777,738000000.0,738000000.0,0.2939,0.2518,NDAQ
2017-12-31 00:00:00,3948000000.0,1537000000.0,2411000000.0,1188000000.0,991000000.0,-119000000.0,143000000.0,872000000.0,143000000.0,729000000.0,729000000.0,1.47,0.6107,0.251,0.2209,0.1847,0.1938,1179000000.0,991000000.0,1.4328,1.4606,1.4606,729000000.0,729000000.0,0.2986,0.2302,NDAQ
2017-09-30 00:00:00,3901000000.0,1523000000.0,2378000000.0,1195000000.0,960000000.0,-707000000.0,145000000.0,253000000.0,-4000000.0,257000000.0,257000000.0,0.53,0.6096,0.2461,0.0649,0.0659,0.1902,1145000000.0,960000000.0,0.5026,0.5115,0.5115,257000000.0,257000000.0,0.2935,0.2289,NDAQ
2017-06-30 00:00:00,3865000000.0,1505000000.0,2360000000.0,1198000000.0,931000000.0,-713000000.0,148000000.0,218000000.0,0.0,218000000.0,218000000.0,0.45,0.6106,0.2409,0.0564,0.0564,0.1847,1114000000.0,931000000.0,0.4269,0.4353,0.4353,218000000.0,218000000.0,0.2882,0.2228,NDAQ
2017-03-31 00:00:00,3768000000.0,1445000000.0,2323000000.0,1178000000.0,863000000.0,-710000000.0,144000000.0,153000000.0,11000000.0,142000000.0,142000000.0,0.2933,0.6165,0.229,0.0406,0.0377,0.164,1040000000.0,863000000.0,0.2768,0.2825,0.2825,142000000.0,142000000.0,0.276,0.203,NDAQ
2016-12-31 00:00:00,3704000000.0,1428000000.0,2276000000.0,1153000000.0,836000000.0,-703000000.0,135000000.0,133000000.0,27000000.0,106000000.0,106000000.0,0.22,0.6145,0.2257,0.0359,0.0286,0.1733,1006000000.0,836000000.0,0.2092,0.2139,0.2139,106000000.0,106000000.0,0.2716,0.2095,NDAQ
2016-09-30 00:00:00,3598000000.0,1384000000.0,2214000000.0,1069000000.0,871000000.0,-113000000.0,125000000.0,758000000.0,277000000.0,481000000.0,481000000.0,0.97,0.6153,0.2421,0.2107,0.1337,0.1723,1032000000.0,871000000.0,0.9473,0.9696,0.9696,481000000.0,481000000.0,0.2868,0.2076,NDAQ
2016-06-30 00:00:00,3540000000.0,1382000000.0,2158000000.0,1027000000.0,869000000.0,-104000000.0,116000000.0,765000000.0,277000000.0,488000000.0,488000000.0,0.9834,0.6096,0.2455,0.2161,0.1379,0.1766,1019000000.0,869000000.0,0.958,0.9815,0.9815,488000000.0,488000000.0,0.2879,0.2119,NDAQ
2016-03-31 00:00:00,3450000000.0,1333000000.0,2117000000.0,1013000000.0,912000000.0,-101000000.0,111000000.0,811000000.0,261000000.0,550000000.0,551000000.0,1.1067,0.6136,0.2643,0.2351,0.1597,0.1794,1054000000.0,912000000.0,1.0749,1.1009,1.1009,550000000.0,550000000.0,0.3055,0.2177,NDAQ
2015-12-31 00:00:00,3403000000.0,1313000000.0,2090000000.0,1050000000.0,720000000.0,-90000000.0,111000000.0,630000000.0,203000000.0,427000000.0,428000000.0,0.8567,0.6142,0.2116,0.1851,0.1258,0.1746,858000000.0,720000000.0,0.831,0.8509,0.8509,427000000.0,427000000.0,0.2521,0.2136,NDAQ
2015-09-30 00:00:00,3455000000.0,1383000000.0,2072000000.0,1089000000.0,647000000.0,-138000000.0,111000000.0,509000000.0,144000000.0,365000000.0,367000000.0,0.73,0.5997,0.1873,0.1473,0.1062,0.1618,782000000.0,647000000.0,0.7073,0.7247,0.7247,365000000.0,365000000.0,0.2263,0.2017,NDAQ
2015-06-30 00:00:00,3402000000.0,1362000000.0,2040000000.0,1088000000.0,623000000.0,-141000000.0,112000000.0,482000000.0,132000000.0,350000000.0,352000000.0,0.6966,0.5996,0.1831,0.1417,0.1035,0.1534,758000000.0,623000000.0,0.6758,0.6923,0.6923,350000000.0,350000000.0,0.2228,0.1925,NDAQ
2015-03-31 00:00:00,3460000000.0,1415000000.0,2045000000.0,1109000000.0,597000000.0,-145000000.0,115000000.0,452000000.0,133000000.0,319000000.0,320000000.0,0.6333,0.591,0.1725,0.1306,0.0925,0.1581,733000000.0,597000000.0,0.6154,0.6303,0.6303,319000000.0,319000000.0,0.2118,0.1965,NDAQ
2014-12-31 00:00:00,3500000000.0,1433000000.0,2067000000.0,1095000000.0,754000000.0,-160000000.0,117000000.0,594000000.0,181000000.0,413000000.0,414000000.0,0.8199,0.5906,0.2154,0.1697,0.1183,0.1406,891000000.0,754000000.0,0.7957,0.8149,0.8149,413000000.0,413000000.0,0.2546,0.1806,NDAQ
2014-09-30 00:00:00,3429000000.0,1360000000.0,2069000000.0,1094000000.0,819000000.0,-87000000.0,118000000.0,732000000.0,264000000.0,468000000.0,469000000.0,0.9266,0.6034,0.2388,0.2135,0.1368,0.1505,957000000.0,819000000.0,0.9033,0.9253,0.9252,468000000.0,468000000.0,0.2791,0.1878,NDAQ
2014-06-30 00:00:00,3416000000.0,1338000000.0,2078000000.0,1114000000.0,814000000.0,-90000000.0,121000000.0,724000000.0,266000000.0,458000000.0,459000000.0,0.91,0.6083,0.2383,0.2119,0.1344,0.1657,950000000.0,814000000.0,0.8854,0.9072,0.9071,458000000.0,458000000.0,0.2781,0.2055,NDAQ
2014-03-31 00:00:00,3365000000.0,1359000000.0,2006000000.0,1070000000.0,782000000.0,-85000000.0,117000000.0,697000000.0,252000000.0,445000000.0,446000000.0,0.8867,0.5961,0.2324,0.2071,0.1325,0.1432,912000000.0,782000000.0,0.8626,0.8847,0.8846,445000000.0,445000000.0,0.271,0.1807,NDAQ
2013-12-31 00:00:00,3211000000.0,1316000000.0,1895000000.0,1010000000.0,688000000.0,-88000000.0,111000000.0,600000000.0,216000000.0,384000000.0,385000000.0,0.7701,0.5902,0.2143,0.1869,0.1199,0.1429,810000000.0,688000000.0,0.7474,0.7668,0.7667,384000000.0,384000000.0,0.2523,0.1788,NDAQ
2013-09-30 00:00:00,3118000000.0,1322000000.0,1796000000.0,940000000.0,625000000.0,-108000000.0,107000000.0,517000000.0,190000000.0,327000000.0,328000000.0,0.6634,0.576,0.2004,0.1658,0.1052,0.1491,738000000.0,625000000.0,0.6393,0.6559,0.6559,327000000.0,327000000.0,0.2367,0.1825,NDAQ
2013-06-30 00:00:00,3059000000.0,1357000000.0,1702000000.0,878000000.0,593000000.0,-113000000.0,99000000.0,480000000.0,177000000.0,303000000.0,304000000.0,0.6134,0.5564,0.1939,0.1569,0.0994,0.1419,700000000.0,593000000.0,0.5944,0.6093,0.6093,303000000.0,303000000.0,0.2288,0.1716,NDAQ
2013-03-31 00:00:00,3060000000.0,1382000000.0,1678000000.0,848000000.0,609000000.0,-139000000.0,97000000.0,470000000.0,163000000.0,307000000.0,309000000.0,0.62,0.5484,0.199,0.1536,0.101,0.1758,713000000.0,609000000.0,0.5988,0.6141,0.6141,307000000.0,307000000.0,0.233,0.2056,NDAQ
2012-12-31 00:00:00,3120000000.0,1446000000.0,1674000000.0,832000000.0,690000000.0,-142000000.0,97000000.0,548000000.0,199000000.0,349000000.0,352000000.0,0.6966,0.5365,0.2212,0.1756,0.1128,0.1606,794000000.0,690000000.0,0.674,0.6915,0.6915,349000000.0,349000000.0,0.2545,0.1885,NDAQ
