Date,Revenue,Cost of Revenue,Gross Profit,R&D Expenses,SG&A Expenses,Operating Income,Interest Expense (Operating),Non-operating Income/Expense,Non-operating Interest Expenses,EBT,Income Tax Provision,Income after Tax,Share of Subsidiary Earnings,Net Income Common,EPS (Basic),Gross Margin,EBIT Margin,EBT margin,Net Profit Margin,Free Cash Flow Margin,EBITDA,EBIT,"EPS (Diluted, from Cont. Ops)","EPS (Diluted, from Disc. Ops)","EPS (Basic, Consolidated)","EPS (Basic, from Discontinued Ops)","EPS (Basic, from Continuous Ops)",Income from Continuous Operations,Income from Discontinued Operations,Consolidated Net Income/Loss,EBITDA Margin,Operating Cash Flow Margin,Ticker
2022-09-30 00:00:00,12105000000.0,6228000000.0,5877000000.0,446000000.0,279000000.0,1008000000.0,225000000.0,-183000000.0,240000000.0,825000000.0,643000000.0,182000000.0,109000000.0,1002000000.0,1.26,0.4855,0.0833,0.0682,0.0828,0.1308,3261000000.0,1008000000.0,1.23,0.04,0.42,0.04,1.23,291000000.0,34000000.0,325000000.0,0.2694,0.2899,NEM
2022-06-30 00:00:00,12366000000.0,6050000000.0,6316000000.0,397000000.0,267000000.0,779000000.0,239000000.0,-321000000.0,251000000.0,458000000.0,769000000.0,-311000000.0,123000000.0,792000000.0,0.99,0.5108,0.063,0.037,0.064,0.1929,3094000000.0,779000000.0,0.94,0.06,-0.1612,0.06,0.94,-188000000.0,50000000.0,-138000000.0,0.2502,0.338,NEM
2022-03-31 00:00:00,12373000000.0,5623000000.0,6750000000.0,379000000.0,258000000.0,1200000000.0,252000000.0,-207000000.0,262000000.0,993000000.0,1077000000.0,-84000000.0,155000000.0,1055000000.0,1.31,0.5455,0.097,0.0803,0.0853,0.1973,3517000000.0,1200000000.0,1.26,0.06,0.1602,0.06,1.26,71000000.0,52000000.0,123000000.0,0.2842,0.334,NEM
2021-12-31 00:00:00,12222000000.0,5435000000.0,6787000000.0,363000000.0,259000000.0,1257000000.0,266000000.0,-149000000.0,274000000.0,1108000000.0,1098000000.0,10000000.0,166000000.0,1166000000.0,1.45,0.5553,0.1028,0.0907,0.0954,0.2149,3580000000.0,1257000000.0,1.39,0.07,0.2916,0.07,1.39,176000000.0,57000000.0,233000000.0,0.2929,0.3501,NEM
2021-09-30 00:00:00,12213000000.0,5250000000.0,6963000000.0,354000000.0,254000000.0,2803000000.0,287000000.0,-254000000.0,281000000.0,2549000000.0,1056000000.0,1493000000.0,208000000.0,2036000000.0,2.54,0.5701,0.2295,0.2087,0.1667,0.2502,5102000000.0,2803000000.0,2.46,0.07,2.1961,0.07,2.47,1701000000.0,60000000.0,1761000000.0,0.4178,0.3821,NEM
2021-06-30 00:00:00,12488000000.0,5152000000.0,7336000000.0,341000000.0,261000000.0,3735000000.0,296000000.0,-235000000.0,290000000.0,3500000000.0,1139000000.0,2361000000.0,222000000.0,2872000000.0,3.58,0.5874,0.2991,0.2803,0.23,0.2891,6056000000.0,3735000000.0,3.23,0.34,3.5662,0.34,3.24,2583000000.0,277000000.0,2860000000.0,0.4849,0.4098,NEM
2021-03-31 00:00:00,11788000000.0,4929000000.0,6859000000.0,304000000.0,269000000.0,3205000000.0,306000000.0,-98000000.0,300000000.0,3107000000.0,962000000.0,2145000000.0,202000000.0,2566000000.0,3.2,0.5819,0.2719,0.2636,0.2177,0.2896,5493000000.0,3205000000.0,2.94,0.25,3.1731,0.25,2.95,2347000000.0,199000000.0,2546000000.0,0.466,0.4061,NEM
2020-12-31 00:00:00,11497000000.0,5014000000.0,6483000000.0,309000000.0,269000000.0,2806000000.0,323000000.0,337000000.0,308000000.0,3143000000.0,704000000.0,2439000000.0,189000000.0,2829000000.0,3.52,0.5639,0.2441,0.2734,0.2461,0.3114,5106000000.0,2806000000.0,3.31,0.2,3.4714,0.2,3.32,2628000000.0,163000000.0,2791000000.0,0.4441,0.4246,NEM
2020-09-30 00:00:00,11083000000.0,5118000000.0,5965000000.0,325000000.0,294000000.0,2405000000.0,338000000.0,424000000.0,319000000.0,2829000000.0,575000000.0,2254000000.0,161000000.0,2570000000.0,3.18,0.5382,0.217,0.2553,0.2319,0.2767,4703000000.0,2405000000.0,3.3,0.22,3.5324,0.22,3.3,2415000000.0,173000000.0,2588000000.0,0.4243,0.3971,NEM
2020-06-30 00:00:00,10626000000.0,5241000000.0,5385000000.0,369000000.0,310000000.0,1865000000.0,,2862000000.0,321000000.0,4727000000.0,828000000.0,3899000000.0,140000000.0,3909000000.0,4.8,0.5068,0.1755,0.4449,0.3679,0.2005,4119000000.0,1865000000.0,5.25,-0.12,5.1542,-0.12,5.26,4039000000.0,-103000000.0,3936000000.0,0.3876,0.3384,NEM
2020-03-31 00:00:00,10518000000.0,5549000000.0,4969000000.0,418000000.0,319000000.0,1446000000.0,,2751000000.0,325000000.0,4197000000.0,684000000.0,3663000000.0,137000000.0,3540000000.0,4.34,0.4724,0.1375,0.399,0.3366,0.1583,3659000000.0,1446000000.0,4.74,-0.07,4.9449,-0.07,4.75,3650000000.0,-61000000.0,3589000000.0,0.3479,0.3072,NEM
2019-12-31 00:00:00,9740000000.0,5195000000.0,4545000000.0,415000000.0,313000000.0,1277000000.0,,2416000000.0,301000000.0,3693000000.0,832000000.0,2879000000.0,95000000.0,2805000000.0,3.48,0.4666,0.1311,0.3792,0.288,0.144,3237000000.0,1277000000.0,3.91,-0.1,3.9526,-0.1,3.92,2956000000.0,-72000000.0,2884000000.0,0.3323,0.2943,NEM
2019-09-30 00:00:00,8821000000.0,4840000000.0,3981000000.0,401000000.0,287000000.0,1132000000.0,,2219000000.0,271000000.0,3351000000.0,963000000.0,2257000000.0,45000000.0,2242000000.0,2.79,0.4513,0.1283,0.3799,0.2542,0.1246,2815000000.0,1132000000.0,2.93,-0.1,2.7068,-0.1,2.62,2433000000.0,-95000000.0,2338000000.0,0.3191,0.2722,NEM
2019-06-30 00:00:00,7834000000.0,4443000000.0,3391000000.0,355000000.0,262000000.0,560000000.0,,-115000000.0,245000000.0,445000000.0,408000000.0,,4000000.0,-81000000.0,-0.14,0.4329,0.0715,0.0568,-0.0103,0.1132,1994000000.0,560000000.0,-0.09,-0.01,,-0.01,0.42,41000000.0,-31000000.0,10000000.0,0.2545,0.2598,NEM
2019-03-31 00:00:00,7239000000.0,4042000000.0,3197000000.0,344000000.0,244000000.0,763000000.0,,-33000000.0,212000000.0,730000000.0,406000000.0,324000000.0,-29000000.0,236000000.0,0.44,0.4416,0.1054,0.1008,0.0326,0.1532,1989000000.0,763000000.0,0.42,0.06,0.5781,0.06,0.74,295000000.0,13000000.0,308000000.0,0.2748,0.2949,NEM
2018-12-31 00:00:00,7253000000.0,4093000000.0,3160000000.0,350000000.0,244000000.0,790000000.0,,-52000000.0,207000000.0,738000000.0,386000000.0,352000000.0,-33000000.0,341000000.0,0.64,0.4357,0.1089,0.1018,0.047,0.1096,2005000000.0,790000000.0,0.53,,0.713,,,319000000.0,61000000.0,380000000.0,0.2764,0.2519,NEM
2018-09-30 00:00:00,7140000000.0,4042000000.0,3098000000.0,337000000.0,247000000.0,713000000.0,,12000000.0,207000000.0,725000000.0,903000000.0,-178000000.0,-37000000.0,-203000000.0,-0.34,0.4339,0.0999,0.1015,-0.0284,0.1064,1915000000.0,713000000.0,-0.5,0.12,-0.286,0.12,-0.49,-215000000.0,63000000.0,-152000000.0,0.2682,0.2566,NEM
2018-06-30 00:00:00,7293000000.0,4100000000.0,3193000000.0,341000000.0,246000000.0,1151000000.0,,-20000000.0,212000000.0,1131000000.0,973000000.0,158000000.0,-27000000.0,148000000.0,0.31,0.4378,0.1578,0.1551,0.0203,0.1235,2382000000.0,1151000000.0,0.2,0.07,0.32,0.07,0.21,131000000.0,40000000.0,171000000.0,0.3266,0.2596,NEM
2018-03-31 00:00:00,7506000000.0,4134000000.0,3372000000.0,334000000.0,241000000.0,1304000000.0,,-143000000.0,227000000.0,1161000000.0,1121000000.0,40000000.0,-23000000.0,31000000.0,0.09,0.4492,0.1737,0.1547,0.0041,0.1464,2538000000.0,1304000000.0,0.05,0.01,0.0442,0.01,0.05,17000000.0,7000000.0,24000000.0,0.3381,0.2686,NEM
2017-12-31 00:00:00,7379000000.0,4062000000.0,3317000000.0,322000000.0,237000000.0,1259000000.0,,-187000000.0,241000000.0,1072000000.0,1127000000.0,-55000000.0,-16000000.0,-114000000.0,-0.18,0.4495,0.1706,0.1453,-0.0154,0.1705,2520000000.0,1259000000.0,-0.14,-0.07,-0.2045,-0.07,-0.14,-71000000.0,-38000000.0,-109000000.0,0.3415,0.2878,NEM
2017-09-30 00:00:00,7202000000.0,4011000000.0,3191000000.0,304000000.0,226000000.0,163000000.0,,-248000000.0,256000000.0,-85000000.0,374000000.0,-459000000.0,-9000000.0,82000000.0,0.15,0.4431,0.0226,-0.0118,0.0114,0.1594,1422000000.0,163000000.0,0.14,0.01,-0.7956,0.01,0.13,-468000000.0,49000000.0,-419000000.0,0.1974,0.2785,NEM
2017-06-30 00:00:00,7114000000.0,3941000000.0,3173000000.0,288000000.0,231000000.0,130000000.0,,-270000000.0,264000000.0,-140000000.0,391000000.0,-531000000.0,-8000000.0,-482000000.0,-0.9,0.446,0.0183,-0.0197,-0.0678,0.2028,1396000000.0,130000000.0,0.07,-0.97,-1.7585,-0.97,0.06,-539000000.0,-392000000.0,-931000000.0,0.1962,0.334,NEM
2017-03-31 00:00:00,6908000000.0,3844000000.0,3064000000.0,287000000.0,235000000.0,68000000.0,,-302000000.0,266000000.0,-234000000.0,463000000.0,-697000000.0,-10000000.0,-634000000.0,-1.19,0.4435,0.0098,-0.0339,-0.0918,0.2313,1333000000.0,68000000.0,-0.27,-0.92,-1.925,-0.92,-0.28,-707000000.0,-313000000.0,-1020000000.0,0.193,0.3809,NEM
2016-12-31 00:00:00,6680000000.0,3738000000.0,2942000000.0,282000000.0,233000000.0,-16000000.0,,-204000000.0,273000000.0,-220000000.0,579000000.0,-799000000.0,-13000000.0,-629000000.0,-1.18,0.4404,-0.0024,-0.0329,-0.0942,0.2475,1197000000.0,-16000000.0,-0.42,-0.76,-1.7793,-0.76,-0.43,-812000000.0,-131000000.0,-943000000.0,0.1792,0.4171,NEM
2016-09-30 00:00:00,5567000000.0,3335000000.0,2232000000.0,287000000.0,234000000.0,170000000.0,,-162000000.0,260000000.0,8000000.0,540000000.0,-532000000.0,-19000000.0,-537000000.0,-1.03,0.4009,0.0305,0.0014,-0.0965,0.2114,1385000000.0,170000000.0,-0.46,-0.57,-0.9196,-0.57,-0.46,-551000000.0,77000000.0,-474000000.0,0.2488,0.4367,NEM
2016-06-30 00:00:00,5336000000.0,3277000000.0,2059000000.0,279000000.0,230000000.0,49000000.0,,-26000000.0,270000000.0,23000000.0,511000000.0,-488000000.0,-39000000.0,40000000.0,0.06,0.3859,0.0092,0.0043,0.0075,0.2093,1185000000.0,49000000.0,-0.48,0.54,0.2087,0.54,-0.48,-527000000.0,651000000.0,124000000.0,0.2221,0.447,NEM
2016-03-31 00:00:00,5575000000.0,3402000000.0,2173000000.0,278000000.0,236000000.0,146000000.0,,-66000000.0,286000000.0,80000000.0,425000000.0,-345000000.0,-41000000.0,89000000.0,0.16,0.3898,0.0262,0.0143,0.016,0.1326,1293000000.0,146000000.0,-0.37,0.53,0.385,0.53,-0.37,-386000000.0,596000000.0,210000000.0,0.2319,0.367,NEM
2015-12-31 00:00:00,6085000000.0,3578000000.0,2507000000.0,282000000.0,241000000.0,457000000.0,,-162000000.0,297000000.0,295000000.0,391000000.0,-96000000.0,-45000000.0,220000000.0,0.43,0.412,0.0751,0.0485,0.0362,0.1371,1674000000.0,457000000.0,0.0,0.43,0.5892,0.43,0.0,-141000000.0,445000000.0,304000000.0,0.2751,0.3525,NEM
2015-09-30 00:00:00,6984000000.0,3570000000.0,3414000000.0,290000000.0,284000000.0,1655000000.0,,-135000000.0,295000000.0,1520000000.0,632000000.0,888000000.0,-40000000.0,489000000.0,0.96,0.4888,0.237,0.2176,0.07,0.1817,2736000000.0,1655000000.0,1.06,-0.1,1.4129,-0.1,1.06,848000000.0,-125000000.0,723000000.0,0.3918,0.3482,NEM
2015-06-30 00:00:00,7170000000.0,3830000000.0,3340000000.0,305000000.0,270000000.0,1520000000.0,,-213000000.0,310000000.0,1307000000.0,524000000.0,783000000.0,-20000000.0,483000000.0,0.97,0.4658,0.212,0.1823,0.0674,0.11,2622000000.0,1520000000.0,1.18,-0.21,1.0244,-0.21,1.18,761000000.0,-248000000.0,513000000.0,0.3657,0.2714,NEM
2015-03-31 00:00:00,7027000000.0,3863000000.0,3164000000.0,307000000.0,250000000.0,1300000000.0,,-199000000.0,322000000.0,1101000000.0,319000000.0,782000000.0,-12000000.0,591000000.0,1.19,0.4503,0.185,0.1567,0.0841,0.113,2457000000.0,1300000000.0,1.42,-0.23,1.0219,-0.23,1.42,769000000.0,-259000000.0,510000000.0,0.3497,0.268,NEM
2014-12-31 00:00:00,6819000000.0,3919000000.0,2900000000.0,322000000.0,237000000.0,993000000.0,,-172000000.0,330000000.0,821000000.0,204000000.0,617000000.0,-2000000.0,508000000.0,1.02,0.4253,0.1456,0.1204,0.0745,0.0584,2102000000.0,993000000.0,1.3,-0.28,0.6594,-0.28,1.3,613000000.0,-284000000.0,329000000.0,0.3083,0.2109,NEM
2014-09-30 00:00:00,7463000000.0,4810000000.0,2653000000.0,348000000.0,183000000.0,-1573000000.0,,-257000000.0,368000000.0,-1830000000.0,-831000000.0,-999000000.0,,-694000000.0,-1.34,0.3555,-0.2108,-0.2452,-0.093,0.0165,-270000000.0,-1573000000.0,-1.37,-0.02,-2.0092,-0.02,-1.37,-996000000.0,-8000000.0,-1004000000.0,-0.0362,0.169,NEM
2014-06-30 00:00:00,7737000000.0,4703000000.0,3034000000.0,395000000.0,186000000.0,-1247000000.0,,-33000000.0,355000000.0,-1280000000.0,-623000000.0,-657000000.0,1000000.0,-509000000.0,-0.95,0.3921,-0.1612,-0.1654,-0.0658,0.014,-2184000000.0,-1247000000.0,-0.95,-0.07,-1.3683,-0.07,-0.95,-653000000.0,-32000000.0,-685000000.0,-0.2823,0.178,NEM
2014-03-31 00:00:00,7990000000.0,5325000000.0,2665000000.0,434000000.0,192000000.0,-4041000000.0,,38000000.0,331000000.0,-4003000000.0,-857000000.0,-3146000000.0,,-2748000000.0,-5.37,0.3335,-0.5058,-0.501,-0.3439,-0.0419,-2648000000.0,-4041000000.0,-5.61,0.09,-6.2323,0.09,-5.61,-3147000000.0,44000000.0,-3103000000.0,-0.3314,0.1615,NEM
2013-12-31 00:00:00,8414000000.0,5299000000.0,3115000000.0,469000000.0,203000000.0,-3652000000.0,,46000000.0,303000000.0,-3606000000.0,-755000000.0,-2851000000.0,-5000000.0,-2534000000.0,-4.94,0.3702,-0.434,-0.4286,-0.3012,-0.0424,-2290000000.0,-3652000000.0,-5.21,0.12,-5.6124,0.12,-5.21,-2856000000.0,61000000.0,-2795000000.0,-0.2722,0.1834,NEM
2013-09-30 00:00:00,8798000000.0,5044000000.0,3754000000.0,497000000.0,208000000.0,-965000000.0,,253000000.0,270000000.0,-712000000.0,184000000.0,-896000000.0,-18000000.0,-681000000.0,-1.25,0.4267,-0.1097,-0.0809,-0.0774,-0.0388,297000000.0,-965000000.0,-1.54,0.17,-1.6772,0.17,-1.53,-914000000.0,81000000.0,-833000000.0,0.0338,0.2277,NEM
2013-06-30 00:00:00,9258000000.0,5054000000.0,4204000000.0,559000000.0,211000000.0,-594000000.0,,24000000.0,261000000.0,-570000000.0,251000000.0,-821000000.0,-28000000.0,-712000000.0,-1.33,0.4541,-0.0642,-0.0616,-0.0769,-0.0664,2903000000.0,-594000000.0,-1.57,0.14,-1.5672,0.14,-1.56,-849000000.0,69000000.0,-780000000.0,0.3136,0.2308,NEM
2013-03-31 00:00:00,9469000000.0,4374000000.0,5095000000.0,625000000.0,214000000.0,2609000000.0,,9000000.0,262000000.0,2618000000.0,713000000.0,1905000000.0,-36000000.0,1626000000.0,3.29,0.5381,0.2755,0.2765,0.1717,-0.0874,3677000000.0,2609000000.0,3.28,-0.15,3.7542,-0.15,3.29,1869000000.0,-76000000.0,1864000000.0,0.3883,0.2319,NEM
2012-12-31 00:00:00,9964000000.0,4334000000.0,5630000000.0,704000000.0,212000000.0,3085000000.0,,29000000.0,249000000.0,3114000000.0,876000000.0,2238000000.0,-51000000.0,1802000000.0,3.65,0.565,0.3096,0.3125,0.1809,-0.0841,4117000000.0,3085000000.0,3.76,-0.42,4.2561,-0.43,3.79,2187000000.0,-76000000.0,2111000000.0,0.4132,0.2381,NEM
