Date,Revenue,Cost of Revenue,Gross Profit,R&D Expenses,SG&A Expenses,Operating Income,Interest Expense (Operating),Non-operating Income/Expense,Non-operating Interest Expenses,EBT,Income Tax Provision,Income after Tax,Net Income Common,EPS (Basic),Gross Margin,EBIT Margin,EBT margin,Net Profit Margin,Free Cash Flow Margin,EBITDA,EBIT,"EPS (Diluted, from Cont. Ops)","EPS (Basic, Consolidated)","EPS (Basic, from Continuous Ops)",Income from Continuous Operations,Consolidated Net Income/Loss,EBITDA Margin,Operating Cash Flow Margin,Ticker
2022-09-30 00:00:00,6919000000.0,1536000000.0,5383000000.0,1700000000.0,3446000000.0,235000000.0,27000000.0,-3000000.0,49000000.0,248000000.0,47000000.0,201000000.0,201000000.0,0.99,0.778,0.034,0.0358,0.0291,0.2745,590000000.0,235000000.0,0.987,0.9988,0.9988,201000000.0,201000000.0,0.0853,0.3476,NOW
2022-06-30 00:00:00,6600000000.0,1486000000.0,5114000000.0,1602000000.0,3217000000.0,218000000.0,26000000.0,0.0,28000000.0,214000000.0,30000000.0,184000000.0,184000000.0,0.91,0.7748,0.033,0.0324,0.0279,0.3064,590000000.0,218000000.0,0.9033,0.92,0.92,184000000.0,184000000.0,0.0894,0.3727,NOW
2022-03-31 00:00:00,6257000000.0,1426000000.0,4831000000.0,1491000000.0,3016000000.0,247000000.0,27000000.0,-2000000.0,23000000.0,235000000.0,12000000.0,223000000.0,223000000.0,1.11,0.7721,0.0395,0.0376,0.0356,0.3115,723000000.0,247000000.0,1.0965,1.1188,1.1188,223000000.0,223000000.0,0.1156,0.3719,NOW
2021-12-31 00:00:00,5895000000.0,1356000000.0,4539000000.0,1391000000.0,2814000000.0,257000000.0,28000000.0,2000000.0,24000000.0,249000000.0,19000000.0,230000000.0,230000000.0,1.16,0.77,0.0436,0.0422,0.039,0.2955,827000000.0,257000000.0,1.1321,1.161,1.161,230000000.0,230000000.0,0.1403,0.3717,NOW
2021-09-30 00:00:00,5531000000.0,1257000000.0,4274000000.0,1289000000.0,2670000000.0,240000000.0,29000000.0,-7000000.0,27000000.0,231000000.0,10000000.0,221000000.0,221000000.0,1.12,0.7727,0.0434,0.0418,0.04,0.2904,878000000.0,240000000.0,1.087,1.1148,1.1148,221000000.0,221000000.0,0.1587,0.3674,NOW
2021-06-30 00:00:00,5171000000.0,1159000000.0,4012000000.0,1199000000.0,2578000000.0,235000000.0,30000000.0,-46000000.0,30000000.0,189000000.0,18000000.0,171000000.0,171000000.0,0.88,0.7759,0.0454,0.0365,0.0331,0.2959,910000000.0,235000000.0,0.8412,0.8649,0.8649,171000000.0,171000000.0,0.176,0.3777,NOW
2021-03-31 00:00:00,4833000000.0,1063000000.0,3770000000.0,1111000000.0,2412000000.0,247000000.0,31000000.0,-46000000.0,31000000.0,201000000.0,48000000.0,153000000.0,153000000.0,0.79,0.7801,0.0511,0.0416,0.0317,0.3265,863000000.0,247000000.0,0.753,0.7809,0.7809,153000000.0,153000000.0,0.1786,0.4182,NOW
2020-12-31 00:00:00,4519000000.0,987000000.0,3532000000.0,1024000000.0,2309000000.0,199000000.0,33000000.0,-49000000.0,33000000.0,150000000.0,31000000.0,119000000.0,119000000.0,0.62,0.7816,0.044,0.0332,0.0263,0.2835,777000000.0,199000000.0,0.5877,0.6163,0.6163,119000000.0,119000000.0,0.1719,0.3952,NOW
2020-09-30 00:00:00,4220336900.0,918808000.0,3301528900.0,942959000.0,2149181100.0,209389000.0,33000000.0,-39388000.0,33192000.0,170001000.0,-531025000.0,701025900.0,701025900.0,3.7,0.7823,0.0496,0.0403,0.1661,0.2744,735572000.0,209389000.0,3.5498,3.7485,3.7485,701025900.0,701025900.0,0.1743,0.3607,NOW
2020-06-30 00:00:00,3954169900.0,867601000.0,3086568900.0,865058000.0,2024798100.0,196713000.0,,8058000.0,33563000.0,204771000.0,-523853000.0,728623900.0,728623900.0,3.85,0.7806,0.0497,0.0518,0.1843,0.2856,697968000.0,196713000.0,3.6906,3.8971,3.8971,728623900.0,728623900.0,0.1765,0.3772,NOW
2020-03-31 00:00:00,3717073900.0,832748000.0,2884325900.0,803478000.0,1974135100.0,106713000.0,,19743000.0,33832000.0,126456000.0,-550089000.0,676544900.0,676544900.0,3.58,0.776,0.0287,0.034,0.182,0.2869,590539000.0,106713000.0,3.4278,3.6235,3.6235,676544900.0,676544900.0,0.1589,0.3678,NOW
2019-12-31 00:00:00,3459999900.0,796000000.0,2663999900.0,749000000.0,1873000100.0,42000000.0,,25000000.0,33000000.0,67000000.0,-560000000.0,626999900.0,626999900.0,3.32,0.7699,0.0121,0.0194,0.1812,0.2564,495000000.0,42000000.0,3.1792,3.3626,3.3626,626999900.0,626999900.0,0.1431,0.3572,NOW
2019-09-30 00:00:00,3224104000.0,753354000.0,2470750000.0,694703000.0,1762158100.0,13889000.0,,21065000.0,33746000.0,34954000.0,-35000.0,34989000.0,34989000.0,0.19,0.7663,0.0043,0.0108,0.0109,0.2418,428747000.0,13889000.0,0.1851,0.1878,0.1878,34989000.0,34989000.0,0.133,0.3425,NOW
2019-06-30 00:00:00,3011368000.0,710419000.0,2300949000.0,640259000.0,1693557100.0,-32867000.0,,14281000.0,36608000.0,-18586000.0,-21382000.0,2796000.0,2796000.0,0.02,0.7641,-0.0109,-0.0062,0.0009,0.2503,359089000.0,-32867000.0,0.0236,0.0189,0.0189,2796000.0,2796000.0,0.1192,0.3453,NOW
2019-03-31 00:00:00,2808520000.0,665437000.0,2143083100.0,584755000.0,1596184100.0,-37856000.0,,-5264000.0,43837000.0,-43120000.0,-4249000.0,-38871000.0,-38871000.0,-0.22,0.7631,-0.0135,-0.0154,-0.0138,0.2441,330119000.0,-37856000.0,-0.2145,-0.2192,-0.2192,-38871000.0,-38871000.0,0.1175,0.3282,NOW
2018-12-31 00:00:00,2608816000.0,622658000.0,1986158100.0,529501000.0,1499083100.0,-42426000.0,,3402000.0,52733000.0,-39024000.0,-12320000.0,-26704000.0,-26704000.0,-0.15,0.7613,-0.0163,-0.015,-0.0102,0.2155,303269000.0,-42426000.0,-0.1502,-0.1502,-0.1502,-26704000.0,-26704000.0,0.1162,0.3109,NOW
2018-09-30 00:00:00,2442468100.0,588660000.0,1853808200.0,485398000.0,1412014000.0,-43604000.0,,-10527000.0,60608000.0,-54131000.0,-3066000.0,-51065000.0,-51065000.0,-0.35,0.759,-0.0179,-0.0222,-0.0209,0.2134,293881100.0,-43604000.0,-0.2965,-0.2885,-0.2885,-51065000.0,-51065000.0,0.1203,0.2892,NOW
2018-06-30 00:00:00,2261743100.0,558288000.0,1703455200.0,448208000.0,1312329000.0,-57082000.0,,-24176000.0,65941000.0,-81258000.0,394000.0,-81652000.0,-81652000.0,-0.54,0.7532,-0.0252,-0.0359,-0.0361,0.2306,259268100.0,-57082000.0,-0.4693,-0.4646,-0.4646,-81652000.0,-81652000.0,0.1146,0.3106,NOW
2018-03-31 00:00:00,2078945100.0,527251000.0,1551694100.0,410297000.0,1204284000.0,-62887000.0,,-35138000.0,61780000.0,-98025000.0,-13315000.0,-84710000.0,-84710000.0,-0.57,0.7464,-0.0302,-0.0472,-0.0407,0.2589,228439100.0,-62887000.0,-0.4994,-0.4947,-0.4947,-84710000.0,-84710000.0,0.1099,0.3393,NOW
2017-12-31 00:00:00,1918494100.0,499862000.0,1418632100.0,377518000.0,1105510000.0,-64396000.0,,-49010000.0,53394000.0,-113406000.0,3440000.0,-116846000.0,-116846000.0,-0.87,0.7395,-0.0336,-0.0591,-0.0609,0.249,201978100.0,-64396000.0,-0.6827,-0.6827,-0.6827,-116846000.0,-116846000.0,0.1053,0.3351,NOW
2017-09-30 00:00:00,1755539000.0,470947000.0,1284592000.0,346892000.0,984159000.0,-46459000.0,,-45008000.0,45113000.0,-91467000.0,3067000.0,-94534000.0,-94534000.0,-0.91,0.7317,-0.0265,-0.0521,-0.0538,0.2498,180060000.0,-46458900.0,-0.5229,-0.5229,-0.5229,-94534000.0,-94534000.0,0.1026,0.3361,NOW
2017-06-30 00:00:00,1620823000.0,446298000.0,1174525000.0,323445000.0,920404000.0,-69324000.0,,-35627000.0,36936000.0,-104951000.0,3659000.0,-108610000.0,-108610000.0,-0.99,0.7246,-0.0428,-0.0648,-0.067,0.2493,138544000.0,-69323900.0,-0.613,-0.613,-0.613,-108610000.0,-108610000.0,0.0855,0.3362,NOW
2017-03-31 00:00:00,1513877000.0,420819000.0,1093058000.0,303804000.0,869062000.0,-79808000.0,,-21793000.0,33847000.0,-101601000.0,830000.0,-102431000.0,-102431000.0,-0.96,0.722,-0.0527,-0.0671,-0.0677,0.1046,116975000.0,-79807900.0,-0.5884,-0.5884,-0.5884,-102431000.0,-102431000.0,0.0773,0.177,NOW
2016-12-31 00:00:00,1390985000.0,398995000.0,991990000.0,285239000.0,818919000.0,-382168000.0,,-28251000.0,33278000.0,-410419000.0,3830000.0,-414249000.0,-414249000.0,-2.78,0.7132,-0.2747,-0.2951,-0.2978,0.025,-196243000.0,-382167900.0,-2.5177,-2.5177,-2.5177,-414249000.0,-414249000.0,-0.1411,0.1144,NOW
2016-09-30 00:00:00,1290497000.0,384655000.0,905842000.0,269749000.0,796156000.0,-430063000.0,,-24797000.0,32719000.0,-454860000.0,1733000.0,-456593000.0,-456593000.0,-2.81,0.7019,-0.3333,-0.3525,-0.3538,0.0095,-240572000.0,-430063000.0,-2.8077,-2.8077,-2.8077,-456593000.0,-456593000.0,-0.1864,0.1037,NOW
2016-06-30 00:00:00,1193991000.0,363706000.0,830285000.0,250553000.0,741060000.0,-431328000.0,,-29982000.0,32169000.0,-461310000.0,55000.0,-461365000.0,-461365000.0,-2.85,0.6954,-0.3612,-0.3864,-0.3864,0.0018,-252740000.0,-431328000.0,-2.85,-2.85,-2.85,-461365000.0,-461365000.0,-0.2117,0.0844,NOW
2016-03-31 00:00:00,1099395000.0,346774000.0,752621000.0,233465000.0,685441000.0,-436285000.0,,-31180000.0,31628000.0,-467465000.0,6200000.0,-473665000.0,-473665000.0,-2.95,0.6846,-0.3968,-0.4252,-0.4308,0.2176,-265972000.0,-436285000.0,-2.948,-2.948,-2.948,-473665000.0,-473665000.0,-0.2419,0.2993,NOW
2015-12-31 00:00:00,1005480000.0,329413000.0,676067000.0,217389000.0,625043000.0,-166365000.0,,-26647000.0,31097000.0,-193012000.0,5414000.0,-198426000.0,-198426000.0,-1.27,0.6724,-0.1655,-0.192,-0.1973,0.229,-2307000.0,-166365000.0,-1.2744,-1.2744,-1.2744,-198426000.0,-198426000.0,-0.0023,0.316,NOW
2015-09-30 00:00:00,917834000.0,309142000.0,608692000.0,200972000.0,579911000.0,-172191000.0,,-28413000.0,,-200604000.0,5107000.0,-205711000.0,-205711000.0,-1.34,0.6632,-0.1876,-0.2186,-0.2241,0.2063,-13987000.0,-172191000.0,-1.3457,-1.3457,-1.3457,-205711000.0,-205711000.0,-0.0152,0.2842,NOW
2015-06-30 00:00:00,835396000.0,293340000.0,542056000.0,184833000.0,535873000.0,-178650000.0,,-22571000.0,,-201221000.0,4510000.0,-205731000.0,-205731000.0,-1.36,0.6489,-0.2139,-0.2409,-0.2463,0.1836,-27550000.0,-178650000.0,-1.3647,-1.3647,-1.3647,-205731000.0,-205731000.0,-0.033,0.266,NOW
2015-03-31 00:00:00,755437000.0,272561000.0,482876000.0,166996000.0,485766000.0,-169886000.0,,-20616000.0,,-190502000.0,3667000.0,-194169000.0,-194169000.0,-1.31,0.6392,-0.2249,-0.2522,-0.257,0.1509,-28567000.0,-169886000.0,-1.3124,-1.3124,-1.3124,-194169000.0,-194169000.0,-0.0378,0.2437,NOW
2014-12-31 00:00:00,682563000.0,248776000.0,433787000.0,148258000.0,437364000.0,-151835000.0,,-23705000.0,,-175540000.0,3847000.0,-179387000.0,-179387000.0,-1.23,0.6355,-0.2224,-0.2572,-0.2628,0.1268,-21363000.0,-151835000.0,-1.2341,-1.2341,-1.2341,-179387000.0,-179387000.0,-0.0313,0.2065,NOW
2014-09-30 00:00:00,609789000.0,223516000.0,386273000.0,130101000.0,390684000.0,-134512000.0,,-21469000.0,,-155981000.0,2975000.0,-158956000.0,-158956000.0,-1.1,0.6335,-0.2206,-0.2558,-0.2607,0.1079,-19538000.0,-134512000.0,-1.1091,-1.1091,-1.1091,-158956000.0,-158956000.0,-0.032,0.2092,NOW
2014-06-30 00:00:00,542336000.0,199005000.0,343331000.0,111237000.0,346757000.0,-114663000.0,,-14920000.0,,-129583000.0,3036000.0,-132619000.0,-132619000.0,-0.93,0.6331,-0.2114,-0.2389,-0.2445,0.1157,-18417000.0,-114663000.0,-0.9356,-0.9356,-0.9356,-132619000.0,-132619000.0,-0.034,0.2273,NOW
2014-03-31 00:00:00,477801000.0,176065000.0,301736000.0,93749000.0,297522000.0,-89535000.0,,-11012000.0,,-100547000.0,3114000.0,-103661000.0,-103661000.0,-0.74,0.6315,-0.1874,-0.2104,-0.217,0.0734,-10606000.0,-89535000.0,-0.7462,-0.7462,-0.7462,-103661000.0,-103661000.0,-0.0222,0.1903,NOW
2013-12-31 00:00:00,424650000.0,155259000.0,269391000.0,78678000.0,256980000.0,-66267000.0,,-4930000.0,,-71197000.0,2511000.0,-73708000.0,-73708000.0,-0.54,0.6344,-0.1561,-0.1677,-0.1736,0.0622,-4495000.0,-66267000.0,-0.5442,-0.5442,-0.5442,-73708000.0,-73708000.0,-0.0106,0.1925,NOW
2013-09-30 00:00:00,374582000.0,142189000.0,232393000.0,68044000.0,220793000.0,-56444000.0,,-148000.0,,-56592000.0,2815000.0,-59407000.0,-59407000.0,-0.45,0.6204,-0.1507,-0.1511,-0.1586,0.0352,-7008000.0,-56444000.0,-0.2251,-0.2251,-0.2251,-59407000.0,-59407000.0,-0.0187,0.1659,NOW
2013-06-30 00:00:00,327668000.0,128188000.0,199480000.0,58008000.0,196613000.0,-55141000.0,,-133000.0,,-55274000.0,2473000.0,-57747000.0,-57747000.0,-0.45,0.6088,-0.1683,-0.1687,-0.1762,0.0196,-12969000.0,-55141000.0,-0.229,-0.229,-0.229,-57747000.0,-57747000.0,-0.0396,0.1541,NOW
2013-03-31 00:00:00,282220000.0,115081000.0,167139000.0,49329000.0,162725000.0,-44915000.0,,1231000.0,,-43684000.0,1382000.0,-45066000.0,-45066000.0,-0.61,0.5922,-0.1591,-0.1548,-0.1597,0.0134,-9926000.0,-44915000.0,-0.3837,-0.3837,-0.3837,-45066000.0,-45066000.0,-0.0352,0.1691,NOW
2012-12-31 00:00:00,243712000.0,104009000.0,139703000.0,39333000.0,137954000.0,-37584000.0,,1604000.0,,-35980000.0,1368000.0,-37348000.0,-37348000.0,0.16,0.5732,-0.1542,-0.1476,-0.1532,0.0275,-9031000.0,-37584000.0,-0.5053,-0.5053,-0.5053,-37348000.0,-37348000.0,-0.0371,0.2001,NOW
