Date,Revenue,Cost of Revenue,Gross Profit,SG&A Expenses,Operating Income,Interest Expense (Operating),Non-operating Income/Expense,Non-operating Interest Expenses,EBT,Income Tax Provision,Income after Tax,Net Income Common,EPS (Basic),Gross Margin,EBIT Margin,EBT margin,Net Profit Margin,Free Cash Flow Margin,EBITDA,EBIT,"EPS (Diluted, from Cont. Ops)","EPS (Basic, Consolidated)","EPS (Basic, from Continuous Ops)",Income from Continuous Operations,Consolidated Net Income/Loss,EBITDA Margin,Operating Cash Flow Margin,Ticker
2022-09-30 00:00:00,12360000000.0,7660000000.0,4700000000.0,2566000000.0,4757000000.0,680000000.0,57000000.0,680000000.0,4077000000.0,837000000.0,3240000000.0,3239000000.0,13.58,0.3803,0.3849,0.3299,0.2621,0.2311,5910000000.0,4757000000.0,13.5849,13.6396,13.6396,3240000000.0,3239000000.0,0.4782,0.3532,NSC
2022-06-30 00:00:00,11869000000.0,7293000000.0,4576000000.0,2440000000.0,4621000000.0,667000000.0,61000000.0,667000000.0,3970000000.0,935000000.0,3035000000.0,3033000000.0,12.54,0.3855,0.3893,0.3345,0.2555,0.226,5777000000.0,4621000000.0,12.5469,12.6012,12.6012,3035000000.0,3033000000.0,0.4867,0.3513,NSC
2022-03-31 00:00:00,11418000000.0,6000000000.0,5418000000.0,2450000000.0,4517000000.0,658000000.0,-79000000.0,658000000.0,3924000000.0,889000000.0,3035000000.0,3034000000.0,12.38,0.4745,0.3956,0.3437,0.2657,0.2451,5691000000.0,4517000000.0,12.3745,12.4316,12.4316,3035000000.0,3034000000.0,0.4984,0.3708,NSC
2021-12-31 00:00:00,11142000000.0,4885000000.0,6257000000.0,2442000000.0,4447000000.0,646000000.0,-229000000.0,646000000.0,3878000000.0,873000000.0,3005000000.0,3003000000.0,12.11,0.5616,0.3991,0.3481,0.2695,0.2642,5617000000.0,4447000000.0,12.1121,12.1709,12.1709,3005000000.0,3004000000.0,0.5041,0.3819,NSC
2021-09-30 00:00:00,10863000000.0,3871000000.0,6992000000.0,2431000000.0,4302000000.0,641000000.0,-373000000.0,641000000.0,3760000000.0,844000000.0,2916000000.0,2914000000.0,11.63,0.6437,0.396,0.3461,0.2683,0.2664,5467000000.0,4302000000.0,11.6196,11.6777,11.6777,2916000000.0,2915000000.0,0.5033,0.3851,NSC
2021-06-30 00:00:00,10517000000.0,2945000000.0,7572000000.0,2400000000.0,4006000000.0,632000000.0,-508000000.0,632000000.0,3498000000.0,766000000.0,2732000000.0,2729000000.0,10.8,0.72,0.3809,0.3326,0.2595,0.2597,5172000000.0,4006000000.0,10.7854,10.8429,10.8429,2732000000.0,2732000000.0,0.4918,0.3781,NSC
2021-03-31 00:00:00,9803000000.0,2838000000.0,6965000000.0,2362000000.0,3449000000.0,627000000.0,-489000000.0,627000000.0,2960000000.0,655000000.0,2305000000.0,2302000000.0,9.05,0.7105,0.3518,0.3019,0.2348,0.2567,4603000000.0,3449000000.0,9.0365,9.0872,9.0872,2305000000.0,2305000000.0,0.4696,0.3771,NSC
2020-12-31 00:00:00,9789000000.0,2875000000.0,6914000000.0,2373000000.0,3002000000.0,625000000.0,-472000000.0,625000000.0,2530000000.0,517000000.0,2013000000.0,2010000000.0,7.86,0.7063,0.3067,0.2585,0.2053,0.2529,4156000000.0,3002000000.0,7.8449,7.891,7.891,2013000000.0,2013000000.0,0.4246,0.3715,NSC
2020-09-30 00:00:00,9906000000.0,2973000000.0,6933000000.0,2416000000.0,2980000000.0,617000000.0,-489000000.0,617000000.0,2491000000.0,483000000.0,2008000000.0,2004000000.0,7.77,0.6999,0.3008,0.2515,0.2023,0.2493,4132000000.0,2980000000.0,7.7682,7.8206,7.8206,2008000000.0,2008000000.0,0.4171,0.3697,NSC
2020-06-30 00:00:00,10241000000.0,3055000000.0,7186000000.0,2520000000.0,3136000000.0,,-501000000.0,612000000.0,2635000000.0,539000000.0,2096000000.0,2093000000.0,8.04,0.7017,0.3062,0.2573,0.2044,0.2289,4282000000.0,3136000000.0,8.0322,8.0924,8.0924,2096000000.0,2096000000.0,0.4181,0.3611,NSC
2020-03-31 00:00:00,11081000000.0,3312000000.0,7769000000.0,2646000000.0,3591000000.0,,-525000000.0,609000000.0,3066000000.0,640000000.0,2426000000.0,2421000000.0,9.21,0.7011,0.3241,0.2767,0.2185,0.2194,4739000000.0,3591000000.0,9.2082,9.2842,9.2842,2426000000.0,2426000000.0,0.4277,0.3579,NSC
2019-12-31 00:00:00,11296000000.0,3418000000.0,7878000000.0,2751000000.0,3989000000.0,,-498000000.0,604000000.0,3491000000.0,769000000.0,2722000000.0,2717000000.0,10.25,0.6974,0.3531,0.309,0.2405,0.1992,5128000000.0,3989000000.0,10.2485,10.338,10.338,2722000000.0,2722000000.0,0.454,0.3445,NSC
2019-09-30 00:00:00,11502000000.0,3385000000.0,8117000000.0,2878000000.0,4105000000.0,,-512000000.0,600000000.0,3593000000.0,835000000.0,2758000000.0,2752000000.0,10.27,0.7057,0.3569,0.3124,0.2393,0.1837,5241000000.0,4105000000.0,10.2598,10.349,10.349,2758000000.0,2758000000.0,0.4557,0.3338,NSC
2019-06-30 00:00:00,11608000000.0,3434000000.0,8174000000.0,2921000000.0,4129000000.0,,-496000000.0,592000000.0,3633000000.0,830000000.0,2803000000.0,2796000000.0,10.3,0.7042,0.3557,0.313,0.2409,0.1833,5254000000.0,4129000000.0,10.2974,10.3904,10.3904,2803000000.0,2803000000.0,0.4526,0.3318,NSC
2019-03-31 00:00:00,11581000000.0,3463000000.0,8118000000.0,2915000000.0,4090000000.0,,-467000000.0,570000000.0,3623000000.0,832000000.0,2791000000.0,2785000000.0,10.1,0.701,0.3532,0.3128,0.2405,0.1812,5205000000.0,4090000000.0,10.0969,10.1878,10.1878,2791000000.0,2791000000.0,0.4494,0.3273,NSC
2018-12-31 00:00:00,11458000000.0,3472000000.0,7986000000.0,2925000000.0,3959000000.0,,-490000000.0,557000000.0,3469000000.0,803000000.0,2666000000.0,2660000000.0,9.52,0.697,0.3455,0.3028,0.2322,0.1727,5063000000.0,3959000000.0,9.5146,9.6003,9.6003,2666000000.0,2666000000.0,0.4419,0.3252,NSC
2018-09-30 00:00:00,11231000000.0,3366000000.0,7865000000.0,2898000000.0,3879000000.0,,-447000000.0,543000000.0,3432000000.0,-2500000000.0,5932000000.0,5926000000.0,20.86,0.7003,0.3454,0.3056,0.5276,0.1866,4969000000.0,3879000000.0,20.6258,20.8159,20.8159,5932000000.0,5932000000.0,0.4424,0.327,NSC
2018-06-30 00:00:00,10954000000.0,3179000000.0,7775000000.0,2944000000.0,3754000000.0,,-430000000.0,535000000.0,3324000000.0,-2412000000.0,5736000000.0,5731000000.0,20.1,0.7098,0.3427,0.3035,0.5232,0.1841,4834000000.0,3754000000.0,19.8502,20.0303,20.0303,5736000000.0,5736000000.0,0.4413,0.3198,NSC
2018-03-31 00:00:00,10693000000.0,3068000000.0,7625000000.0,2957000000.0,3600000000.0,,-420000000.0,544000000.0,3180000000.0,-2343000000.0,5523000000.0,5518000000.0,19.32,0.7131,0.3367,0.2974,0.516,0.1623,4671000000.0,3600000000.0,19.0543,19.226,19.226,5523000000.0,5523000000.0,0.4368,0.3014,NSC
2017-12-31 00:00:00,10551000000.0,2995000000.0,7556000000.0,2979000000.0,3522000000.0,,-394000000.0,550000000.0,3128000000.0,-2276000000.0,5404000000.0,5400000000.0,18.88,0.7161,0.3338,0.2965,0.5118,0.1642,4581000000.0,3522000000.0,18.6152,18.7705,18.7705,5404000000.0,5404000000.0,0.4342,0.3083,NSC
2017-09-30 00:00:00,10372000000.0,3129000000.0,7243000000.0,2976000000.0,3220000000.0,,-344000000.0,558000000.0,2876000000.0,1024000000.0,1852000000.0,1847000000.0,6.4,0.6983,0.3105,0.2773,0.1781,0.1416,4271000000.0,3220000000.0,6.3494,6.4012,6.4012,1852000000.0,1852000000.0,0.4118,0.3073,NSC
2017-06-30 00:00:00,10226000000.0,3145000000.0,7081000000.0,2896000000.0,3145000000.0,,-364000000.0,568000000.0,2781000000.0,975000000.0,1806000000.0,1802000000.0,6.2,0.6925,0.3075,0.272,0.1762,0.1457,4189000000.0,3145000000.0,6.1732,6.2103,6.2103,1806000000.0,1806000000.0,0.4096,0.3108,NSC
2017-03-31 00:00:00,10043000000.0,3123000000.0,6920000000.0,2844000000.0,3043000000.0,,-406000000.0,566000000.0,2637000000.0,923000000.0,1714000000.0,1710000000.0,5.85,0.689,0.303,0.2626,0.1703,0.1222,4080000000.0,3043000000.0,5.832,5.8649,5.8649,1714000000.0,1714000000.0,0.4063,0.2988,NSC
2016-12-31 00:00:00,9888000000.0,3045000000.0,6843000000.0,2808000000.0,3009000000.0,,-427000000.0,563000000.0,2582000000.0,914000000.0,1668000000.0,1663000000.0,5.66,0.6921,0.3043,0.2611,0.1682,0.1291,4039000000.0,3009000000.0,5.6351,5.6755,5.6755,1668000000.0,1668000000.0,0.4085,0.3068,NSC
2016-09-30 00:00:00,9916000000.0,3124000000.0,6792000000.0,2783000000.0,2955000000.0,,-490000000.0,563000000.0,2465000000.0,852000000.0,1613000000.0,1608000000.0,5.44,0.685,0.298,0.2486,0.1622,0.1217,4014000000.0,2955000000.0,5.4185,5.456,5.456,1613000000.0,1613000000.0,0.4048,0.3038,NSC
2016-06-30 00:00:00,10105000000.0,3283000000.0,6822000000.0,2794000000.0,2957000000.0,,-473000000.0,556000000.0,2484000000.0,879000000.0,1605000000.0,1600000000.0,5.39,0.6751,0.2926,0.2458,0.1583,0.0474,4033000000.0,2957000000.0,5.3411,5.3906,5.3906,1605000000.0,1605000000.0,0.3991,0.281,NSC
2016-03-31 00:00:00,10364000000.0,3451000000.0,6913000000.0,2851000000.0,3001000000.0,,-454000000.0,552000000.0,2547000000.0,914000000.0,1633000000.0,1628000000.0,5.45,0.667,0.2896,0.2458,0.1571,0.0795,4067000000.0,3001000000.0,5.4051,5.4458,5.4458,1633000000.0,1633000000.0,0.3924,0.3045,NSC
2015-12-31 00:00:00,10511000000.0,3662000000.0,6849000000.0,2911000000.0,2884000000.0,,-442000000.0,545000000.0,2442000000.0,886000000.0,1556000000.0,1550000000.0,5.16,0.6516,0.2744,0.2323,0.1475,0.0558,3943000000.0,2884000000.0,5.1117,5.154,5.154,1556000000.0,1556000000.0,0.3751,0.2767,NSC
2015-09-30 00:00:00,10863000000.0,3800000000.0,7063000000.0,2923000000.0,3133000000.0,,-425000000.0,532000000.0,2708000000.0,1002000000.0,1706000000.0,1698000000.0,5.6,0.6502,0.2884,0.2493,0.1563,0.0321,4144000000.0,3133000000.0,5.5444,5.5987,5.5987,1706000000.0,1706000000.0,0.3815,0.2556,NSC
2015-06-30 00:00:00,11173000000.0,3947000000.0,7226000000.0,2949000000.0,3309000000.0,,-433000000.0,533000000.0,2876000000.0,1063000000.0,1813000000.0,1804000000.0,5.89,0.6467,0.2962,0.2574,0.1615,0.0793,4281000000.0,3309000000.0,5.8569,5.8992,5.8992,1813000000.0,1813000000.0,0.3832,0.2666,NSC
2015-03-31 00:00:00,11502000000.0,4089000000.0,7413000000.0,2940000000.0,3514000000.0,,-439000000.0,538000000.0,3075000000.0,1133000000.0,1942000000.0,1934000000.0,6.27,0.6445,0.3055,0.2673,0.1681,0.0815,4478000000.0,3514000000.0,6.2241,6.2855,6.2855,1942000000.0,1942000000.0,0.3893,0.2572,NSC
2014-12-31 00:00:00,11624000000.0,4201000000.0,7423000000.0,2897000000.0,3575000000.0,,-441000000.0,545000000.0,3134000000.0,1134000000.0,2000000000.0,1994000000.0,6.44,0.6386,0.3076,0.2696,0.1715,0.0784,4531000000.0,3575000000.0,6.4,6.4641,6.4641,2000000000.0,2000000000.0,0.3898,0.2508,NSC
2014-09-30 00:00:00,11635000000.0,4182000000.0,7453000000.0,2944000000.0,3565000000.0,,-438000000.0,553000000.0,3127000000.0,1125000000.0,2002000000.0,1994000000.0,6.45,0.6406,0.3064,0.2688,0.1714,0.1069,4515000000.0,3565000000.0,6.4038,6.4712,6.4712,2002000000.0,2002000000.0,0.3881,0.2596,NSC
2014-06-30 00:00:00,11436000000.0,4131000000.0,7305000000.0,2951000000.0,3416000000.0,,-433000000.0,546000000.0,2983000000.0,1058000000.0,1925000000.0,1918000000.0,6.2,0.6388,0.2987,0.2608,0.1677,0.1078,4360000000.0,3416000000.0,6.1499,6.2173,6.2173,1925000000.0,1925000000.0,0.3813,0.2631,NSC
2014-03-31 00:00:00,11196000000.0,4075000000.0,7121000000.0,2962000000.0,3233000000.0,,-411000000.0,535000000.0,2822000000.0,994000000.0,1828000000.0,1821000000.0,5.86,0.636,0.2888,0.2521,0.1626,0.0998,4165000000.0,3233000000.0,5.8164,5.8819,5.8819,1828000000.0,1828000000.0,0.372,0.2629,NSC
2013-12-31 00:00:00,11245000000.0,4070000000.0,7175000000.0,3002000000.0,3257000000.0,,-292000000.0,525000000.0,2965000000.0,1055000000.0,1910000000.0,1903000000.0,6.11,0.6381,0.2896,0.2637,0.1692,0.1112,4179000000.0,3257000000.0,6.0538,6.1237,6.1237,1910000000.0,1910000000.0,0.3716,0.2737,NSC
2013-09-30 00:00:00,11048000000.0,4075000000.0,6973000000.0,2967000000.0,3090000000.0,,-287000000.0,517000000.0,2803000000.0,993000000.0,1810000000.0,1809000000.0,5.76,0.6312,0.2797,0.2537,0.1637,0.0958,4011000000.0,3090000000.0,5.7042,5.7763,5.7763,1810000000.0,1810000000.0,0.3631,0.2709,NSC
2013-06-30 00:00:00,10917000000.0,4073000000.0,6844000000.0,2956000000.0,2972000000.0,,-277000000.0,510000000.0,2695000000.0,965000000.0,1730000000.0,1726000000.0,5.47,0.6269,0.2722,0.2469,0.1581,0.0912,3894000000.0,2972000000.0,5.4006,5.4888,5.4888,1730000000.0,1730000000.0,0.3567,0.2664,NSC
2013-03-31 00:00:00,10989000000.0,4046000000.0,6943000000.0,2954000000.0,3070000000.0,,-269000000.0,504000000.0,2801000000.0,1012000000.0,1789000000.0,1783000000.0,5.62,0.6318,0.2794,0.2549,0.1623,0.0731,3994000000.0,3070000000.0,5.5612,5.6322,5.6322,1789000000.0,1789000000.0,0.3635,0.2505,NSC
2012-12-31 00:00:00,11040000000.0,4040000000.0,7000000000.0,2960000000.0,3124000000.0,,-366000000.0,495000000.0,2758000000.0,1009000000.0,1749000000.0,1740000000.0,5.43,0.6341,0.283,0.2498,0.1576,0.092,4046000000.0,3124000000.0,5.3782,5.4503,5.4503,1749000000.0,1749000000.0,0.3665,0.2776,NSC
