Date,Revenue,Cost of Revenue,Gross Profit,SG&A Expenses,Operating Income,Interest Expense (Operating),Non-operating Income/Expense,Non-operating Interest Expenses,EBT,Income Tax Provision,Income after Tax,Net Income Common,EPS (Basic),Gross Margin,EBIT Margin,EBT margin,Net Profit Margin,Free Cash Flow Margin,EBITDA,EBIT,"EPS (Diluted, from Cont. Ops)","EPS (Diluted, from Disc. Ops)","EPS (Basic, Consolidated)","EPS (Basic, from Discontinued Ops)","EPS (Basic, from Continuous Ops)",Income from Continuous Operations,Income from Discontinued Operations,Consolidated Net Income/Loss,EBITDA Margin,Operating Cash Flow Margin,Ticker
2022-09-30 00:00:00,10361000000.0,5856000000.0,4505000000.0,3599000000.0,907000000.0,70000000.0,183000000.0,,575000000.0,16000000.0,559000000.0,467000000.0,0.8,0.4348,0.0875,0.0555,0.0451,0.0735,1746000000.0,907000000.0,0.9467,,0.9515,,0.9515,559000000.0,,559000000.0,0.1685,0.1211,NWSA
2022-06-30 00:00:00,10385000000.0,5812000000.0,4573000000.0,3590000000.0,981000000.0,89000000.0,296000000.0,99000000.0,812000000.0,52000000.0,760000000.0,623000000.0,1.06,0.4403,0.0945,0.0782,0.06,0.0826,1805000000.0,981000000.0,1.2827,,1.2892,,1.2892,760000000.0,,760000000.0,0.1738,0.1304,NWSA
2022-03-31 00:00:00,10203000000.0,5557000000.0,4646000000.0,3585000000.0,883000000.0,76000000.0,96000000.0,89000000.0,725000000.0,107000000.0,618000000.0,499000000.0,0.85,0.4554,0.0865,0.0711,0.0489,0.0738,1668000000.0,883000000.0,1.0395,,1.0451,,1.0451,618000000.0,,618000000.0,0.1635,0.1183,NWSA
2021-12-31 00:00:00,10046000000.0,5325000000.0,4721000000.0,3548000000.0,822000000.0,74000000.0,8000000.0,76000000.0,731000000.0,121000000.0,610000000.0,496000000.0,0.84,0.4699,0.0818,0.0728,0.0494,0.0774,1574000000.0,822000000.0,1.0254,,1.031,,1.031,610000000.0,,610000000.0,0.1567,0.1179,NWSA
2021-09-30 00:00:00,9743000000.0,5076000000.0,4667000000.0,3415000000.0,734000000.0,71000000.0,-4000000.0,67000000.0,716000000.0,107000000.0,609000000.0,492000000.0,0.83,0.479,0.0753,0.0735,0.0505,0.0792,1449000000.0,734000000.0,1.0252,,1.0303,,1.0303,609000000.0,,609000000.0,0.1487,0.118,NWSA
2021-06-30 00:00:00,9358000000.0,4831000000.0,4527000000.0,3254000000.0,593000000.0,69000000.0,-143000000.0,67000000.0,450000000.0,61000000.0,389000000.0,330000000.0,0.56,0.4838,0.0634,0.0481,0.0353,0.0931,1273000000.0,593000000.0,0.6556,,0.6588,,0.6588,389000000.0,,389000000.0,0.136,0.1322,NWSA
2021-03-31 00:00:00,8789000000.0,4576000000.0,4213000000.0,2955000000.0,594000000.0,89000000.0,-438000000.0,55000000.0,156000000.0,143000000.0,3000000.0,-53000000.0,-0.09,0.4793,0.0676,0.0177,-0.006,0.1228,1258000000.0,594000000.0,-0.0003,,0.0015,,0.0015,3000000.0,,3000000.0,0.1431,0.1568,NWSA
2020-12-31 00:00:00,8720000000.0,4673000000.0,4047000000.0,2845000000.0,551000000.0,,-1580000000.0,51000000.0,-1029000000.0,152000000.0,-1129000000.0,-862000000.0,-1.46,0.4641,0.0632,-0.118,-0.0989,0.0833,1202000000.0,551000000.0,-1.9228,,-1.922,,-1.922,-1129000000.0,,-1129000000.0,0.1378,0.1228,NWSA
2020-09-30 00:00:00,8785000000.0,4826000000.0,3959000000.0,2899000000.0,414000000.0,,-1634000000.0,,-1220000000.0,46000000.0,-1287000000.0,-1008000000.0,-1.7,0.4507,0.0471,-0.1389,-0.1147,0.0602,1060000000.0,414000000.0,-2.1887,,-2.1887,,-2.1887,-1287000000.0,,-1287000000.0,0.1207,0.1034,NWSA
2020-06-30 00:00:00,9008000000.0,5000000000.0,4008000000.0,2995000000.0,369000000.0,,-1893000000.0,39000000.0,-1524000000.0,,-1545000000.0,-1269000000.0,-2.15,0.4449,0.041,-0.1692,-0.1409,0.042,1013000000.0,369000000.0,-2.6279,,-2.628,,-2.628,-1545000000.0,,-1545000000.0,0.1125,0.0866,NWSA
2020-03-31 00:00:00,9551000000.0,5387000000.0,4164000000.0,3077000000.0,438000000.0,,-1589000000.0,,-1151000000.0,35000000.0,-1186000000.0,-923000000.0,-1.57,0.436,0.0459,-0.1205,-0.0966,0.0309,1087000000.0,438000000.0,-2.0192,,-2.0175,,-2.0175,-1186000000.0,,-1186000000.0,0.1138,0.0763,NWSA
2019-12-31 00:00:00,9742000000.0,5504000000.0,4238000000.0,3146000000.0,435000000.0,,-510000000.0,,-75000000.0,52000000.0,-127000000.0,-183000000.0,-0.31,0.435,0.0447,-0.0077,-0.0188,0.0306,1092000000.0,435000000.0,-0.2191,,-0.2172,,-0.2172,-127000000.0,,-127000000.0,0.1121,0.0782,NWSA
2019-09-30 00:00:00,9890000000.0,5637000000.0,4253000000.0,3146000000.0,449000000.0,,-505000000.0,,-56000000.0,55000000.0,-111000000.0,-173000000.0,-0.3,0.43,0.0454,-0.0057,-0.0175,0.0396,1107000000.0,449000000.0,-0.1909,,-0.1888,,-0.1888,-111000000.0,,-111000000.0,0.1119,0.0851,NWSA
2019-06-30 00:00:00,10074000000.0,5639000000.0,4435000000.0,3191000000.0,585000000.0,,-231000000.0,,354000000.0,126000000.0,228000000.0,155000000.0,0.26,0.4402,0.0581,0.0351,0.0154,0.0456,1244000000.0,585000000.0,0.3879,,0.39,,0.39,228000000.0,,228000000.0,0.1235,0.0921,NWSA
2019-03-31 00:00:00,10301000000.0,5689000000.0,4612000000.0,3323000000.0,620000000.0,,-530000000.0,,90000000.0,175000000.0,-85000000.0,-166000000.0,-0.29,0.4477,0.0602,0.0087,-0.0161,0.0411,1289000000.0,620000000.0,-0.1484,,-0.1477,,-0.1477,-85000000.0,,-85000000.0,0.1251,0.0925,NWSA
2018-12-31 00:00:00,9937000000.0,5440000000.0,4497000000.0,3274000000.0,622000000.0,,-1669000000.0,,-1047000000.0,171000000.0,-1218000000.0,-1304000000.0,-2.25,0.4526,0.0626,-0.1054,-0.1312,0.057,1223000000.0,622000000.0,-2.0921,,-2.0916,,-2.0916,-1218000000.0,,-1218000000.0,0.1231,0.0917,NWSA
2018-09-30 00:00:00,9490000000.0,5095000000.0,4395000000.0,3214000000.0,643000000.0,,-1695000000.0,,-1052000000.0,351000000.0,-1403000000.0,-1483000000.0,-2.55,0.4631,0.0678,-0.1109,-0.1563,0.0608,1181000000.0,643000000.0,-2.4081,,-2.4084,,-2.4084,-1403000000.0,,-1403000000.0,0.1244,0.0921,NWSA
2018-06-30 00:00:00,9024000000.0,4904000000.0,4120000000.0,3049000000.0,599000000.0,,-1688000000.0,,-1089000000.0,355000000.0,-1444000000.0,-1516000000.0,-2.6,0.4566,0.0664,-0.1207,-0.168,0.0588,1071000000.0,599000000.0,-2.4782,,-2.4782,,-2.4782,-1444000000.0,,-1444000000.0,0.1187,0.0839,NWSA
2018-03-31 00:00:00,8411000000.0,4584000000.0,3827000000.0,2858000000.0,572000000.0,,-1777000000.0,,-1205000000.0,308000000.0,-1513000000.0,-1574000000.0,-2.7,0.455,0.068,-0.1433,-0.1871,0.0747,969000000.0,572000000.0,-2.5981,,-2.5978,,-2.5978,-1513000000.0,,-1513000000.0,0.1152,0.088,NWSA
2017-12-31 00:00:00,8296000000.0,4534000000.0,3762000000.0,2759000000.0,597000000.0,,-650000000.0,,-53000000.0,350000000.0,-622000000.0,-451000000.0,-0.77,0.4535,0.072,-0.0064,-0.0544,0.0781,1003000000.0,597000000.0,-1.0702,,-1.0699,,-1.0699,-622000000.0,,-403000000.0,0.1209,0.084,NWSA
2017-09-30 00:00:00,8232000000.0,4521000000.0,3711000000.0,2711000000.0,574000000.0,,-1047000000.0,,-473000000.0,83000000.0,-442000000.0,-657000000.0,-1.13,0.4508,0.0697,-0.0575,-0.0798,0.0898,1000000000.0,574000000.0,-0.7869,,-0.7683,,-0.7866,-442000000.0,,-556000000.0,0.1215,0.0924,NWSA
2017-06-30 00:00:00,8139000000.0,4529000000.0,3610000000.0,2728000000.0,433000000.0,,-1048000000.0,,-615000000.0,28000000.0,-657000000.0,-740000000.0,-1.28,0.4435,0.0532,-0.0756,-0.0909,0.0625,882000000.0,433000000.0,-1.196,,-1.1418,,-1.196,-657000000.0,,-534000000.0,0.1084,0.0607,NWSA
2017-03-31 00:00:00,8285000000.0,4636000000.0,3649000000.0,2740000000.0,547000000.0,,-554000000.0,,-7000000.0,98000000.0,,-221000000.0,-0.39,0.4404,0.066,-0.0008,-0.0267,0.0723,1031000000.0,547000000.0,,,,,,,,-240000000.0,0.1244,0.0693,NWSA
2016-12-31 00:00:00,8198000000.0,4619000000.0,3579000000.0,2727000000.0,193000000.0,,-471000000.0,,-278000000.0,-45000000.0,-127000000.0,-365000000.0,-0.64,0.4366,0.0235,-0.0339,-0.0445,0.0472,694000000.0,193000000.0,-0.3167,,-0.2714,,-0.3167,-127000000.0,,-158000000.0,0.0847,0.065,NWSA
2016-09-30 00:00:00,8243000000.0,4686000000.0,3557000000.0,2750000000.0,145000000.0,,-17000000.0,,128000000.0,36000000.0,,-13000000.0,-0.03,0.4315,0.0176,0.0155,-0.0016,0.0348,649000000.0,145000000.0,,,,,,,,,0.0787,0.0565,NWSA
2016-06-30 00:00:00,8292000000.0,4728000000.0,3564000000.0,2722000000.0,179000000.0,,2000000.0,,181000000.0,-54000000.0,235000000.0,177000000.0,0.3,0.4298,0.0216,0.0218,0.0213,0.08,684000000.0,179000000.0,0.28,0.02,0.4306,0.02,0.28,235000000.0,15000000.0,250000000.0,0.0825,0.1059,NWSA
2016-03-31 00:00:00,8183000000.0,4691000000.0,3492000000.0,2674000000.0,45000000.0,,4000000.0,,49000000.0,-92000000.0,141000000.0,-292000000.0,-0.5,0.4267,0.0055,0.006,-0.0357,0.0379,538000000.0,45000000.0,0.12,-0.6234,-0.3832,-0.6234,0.12,141000000.0,-363000000.0,-222000000.0,0.0657,0.0645,NWSA
2015-12-31 00:00:00,8333000000.0,4811000000.0,3522000000.0,2678000000.0,353000000.0,,3000000.0,,356000000.0,31000000.0,325000000.0,-120000000.0,-0.2,0.4227,0.0424,0.0427,-0.0144,0.051,844000000.0,353000000.0,0.46,-0.66,-0.1007,-0.66,0.46,325000000.0,-383000000.0,-58000000.0,0.1013,0.076,NWSA
2015-09-30 00:00:00,8430000000.0,4869000000.0,3561000000.0,2645000000.0,421000000.0,,27000000.0,,448000000.0,47000000.0,401000000.0,-39000000.0,-0.07,0.4224,0.0499,0.0531,-0.0046,0.0647,916000000.0,421000000.0,0.58,-0.65,0.0391,-0.65,0.58,401000000.0,-378000000.0,23000000.0,0.1087,0.0892,NWSA
2015-06-30 00:00:00,8524000000.0,4952000000.0,3572000000.0,2627000000.0,447000000.0,,105000000.0,,552000000.0,185000000.0,367000000.0,-149000000.0,-0.26,0.4191,0.0524,0.0648,-0.0175,0.0827,945000000.0,447000000.0,0.51,-0.77,-0.1343,-0.77,0.51,367000000.0,-445000000.0,-78000000.0,0.1109,0.0975,NWSA
2015-03-31 00:00:00,8505000000.0,4983000000.0,3522000000.0,2472000000.0,544000000.0,,183000000.0,,727000000.0,209000000.0,518000000.0,243000000.0,0.41,0.4141,0.064,0.0855,0.0286,0.1113,1050000000.0,544000000.0,0.6928,,0.5412,,0.6922,518000000.0,-62000000.0,314000000.0,0.1235,0.1237,NWSA
2014-12-31 00:00:00,8542000000.0,5038000000.0,3504000000.0,2463000000.0,517000000.0,,191000000.0,,708000000.0,185000000.0,523000000.0,268000000.0,0.45,0.4102,0.0605,0.0829,0.0314,0.1195,1041000000.0,517000000.0,0.718,,0.5882,,0.7176,523000000.0,,341000000.0,0.1219,0.1365,NWSA
2014-09-30 00:00:00,8522000000.0,5061000000.0,3461000000.0,2445000000.0,481000000.0,,-65000000.0,,416000000.0,-91000000.0,507000000.0,275000000.0,0.47,0.4061,0.0564,0.0488,0.0323,0.1203,1016000000.0,481000000.0,0.7344,,0.5941,,0.7344,507000000.0,,344000000.0,0.1192,0.1396,NWSA
2014-06-30 00:00:00,8486000000.0,5074000000.0,3412000000.0,2449000000.0,391000000.0,,-589000000.0,,-178000000.0,-614000000.0,436000000.0,237000000.0,0.41,0.4021,0.0461,-0.021,0.0279,0.1029,963000000.0,391000000.0,0.65,,0.5079,,0.6501,436000000.0,,294000000.0,0.1135,0.1213,NWSA
2014-03-31 00:00:00,8645000000.0,5208000000.0,3437000000.0,2664000000.0,227000000.0,,-2083000000.0,,-1881000000.0,-1033000000.0,-848000000.0,-899000000.0,-1.55,0.3976,0.0263,-0.2176,-0.104,0.0888,773000000.0,227000000.0,-1.4828,,-1.4821,,-1.4821,-859000000.0,,-859000000.0,0.0894,0.1023,NWSA
2013-12-31 00:00:00,8747000000.0,5303000000.0,3444000000.0,2677000000.0,365000000.0,,-1800000000.0,,-1606000000.0,-1029000000.0,-577000000.0,-624000000.0,-1.07,0.3937,0.0417,-0.1836,-0.0713,0.1675,767000000.0,365000000.0,-1.0144,,-1.0139,,-1.0139,-588000000.0,,-588000000.0,0.0877,0.1032,NWSA
2013-09-30 00:00:00,8830000000.0,5381000000.0,3449000000.0,2709000000.0,,,-330000000.0,,-154000000.0,-822000000.0,668000000.0,625000000.0,1.09,0.3906,0.0,-0.0174,0.0708,0.1398,740000000.0,,1.137,,1.1371,,1.1371,657000000.0,,657000000.0,0.0838,0.0733,NWSA
2013-06-30 00:00:00,8891000000.0,5420000000.0,3471000000.0,2783000000.0,140000000.0,,33000000.0,,173000000.0,-374000000.0,547000000.0,506000000.0,0.88,0.3904,0.0157,0.0195,0.0569,0.1119,688000000.0,140000000.0,0.928,,0.928,,0.928,536000000.0,,536000000.0,0.0774,0.0563,NWSA
2013-03-31 00:00:00,,,,,,,,,,,,,,,,,,0.0,,,,,,,,,,,,0.0,NWSA
2012-12-31 00:00:00,,,,,,,,,,,,,,,,,,0.0,,,,,,,,,,,,0.0,NWSA
