Date,Revenue,Cost of Revenue,Gross Profit,R&D Expenses,SG&A Expenses,Operating Income,Interest Expense (Operating),Non-operating Income/Expense,Non-operating Interest Expenses,EBT,Income Tax Provision,Income after Tax,Share of Subsidiary Earnings,Net Income Common,EPS (Basic),Gross Margin,EBIT Margin,EBT margin,Net Profit Margin,Free Cash Flow Margin,EBITDA,EBIT,"EPS (Diluted, from Cont. Ops)","EPS (Diluted, from Disc. Ops)","EPS (Basic, Consolidated)","EPS (Basic, from Discontinued Ops)","EPS (Basic, from Continuous Ops)",Income from Continuous Operations,Consolidated Net Income/Loss,EBITDA Margin,Operating Cash Flow Margin,Ticker
2022-09-30 00:00:00,12932000000.0,6138000000.0,6794000000.0,2115000000.0,1062000000.0,3624000000.0,445000000.0,43000000.0,30000000.0,3170000000.0,464000000.0,2706000000.0,3000000.0,2667000000.0,10.13,0.5254,0.2802,0.2451,0.2062,0.1652,4875000000.0,3624000000.0,10.1606,,10.2608,,10.2608,2709000000.0,2709000000.0,0.377,0.2611,NXPI
2022-06-30 00:00:00,12348000000.0,5944000000.0,6404000000.0,2059000000.0,1016000000.0,3334000000.0,424000000.0,45000000.0,10000000.0,2885000000.0,410000000.0,2475000000.0,10000000.0,2448000000.0,9.27,0.5186,0.27,0.2336,0.1983,0.1686,4572000000.0,3334000000.0,9.2657,,9.3735,,9.3735,2485000000.0,2485000000.0,0.3703,0.2617,NXPI
2022-03-31 00:00:00,11632000000.0,5551000000.0,6081000000.0,1992000000.0,985000000.0,2964000000.0,405000000.0,-74000000.0,5000000.0,2543000000.0,346000000.0,2197000000.0,11000000.0,2175000000.0,8.18,0.5228,0.2548,0.2186,0.187,0.1766,4196000000.0,2964000000.0,8.1419,,8.2613,,8.2613,2208000000.0,2208000000.0,0.3607,0.2658,NXPI
2021-12-31 00:00:00,11063000000.0,5269000000.0,5794000000.0,1936000000.0,956000000.0,2583000000.0,387000000.0,-162000000.0,,2180000000.0,272000000.0,1908000000.0,-2000000.0,1871000000.0,6.95,0.5237,0.2335,0.1971,0.1691,0.1871,3845000000.0,2583000000.0,6.9147,,7.0414,,7.0414,1906000000.0,1906000000.0,0.3476,0.2683,NXPI
2021-09-30 00:00:00,10531000000.0,5020000000.0,5511000000.0,1889000000.0,920000000.0,2239000000.0,363000000.0,-321000000.0,6000000.0,1822000000.0,205000000.0,1617000000.0,-1000000.0,1578000000.0,5.78,0.5233,0.2126,0.173,0.1498,0.2399,3507000000.0,2239000000.0,5.8215,,5.9193,,5.9193,1616000000.0,1616000000.0,0.333,0.3112,NXPI
2021-06-30 00:00:00,9937000000.0,4782000000.0,5155000000.0,1835000000.0,880000000.0,1560000000.0,370000000.0,-430000000.0,9000000.0,1130000000.0,53000000.0,1077000000.0,-5000000.0,1037000000.0,3.75,0.5188,0.157,0.1137,0.1044,0.2339,3111000000.0,1560000000.0,3.8187,,3.8816,,3.8816,1072000000.0,1072000000.0,0.3131,0.2943,NXPI
2021-03-31 00:00:00,9158000000.0,4565000000.0,4593000000.0,1761000000.0,868000000.0,842000000.0,365000000.0,-426000000.0,12000000.0,416000000.0,-45000000.0,461000000.0,-4000000.0,426000000.0,1.52,0.5015,0.0919,0.0454,0.0465,0.2386,2631000000.0,842000000.0,1.6134,,1.644,,1.644,457000000.0,457000000.0,0.2873,0.295,NXPI
2020-12-31 00:00:00,8612000000.0,4377000000.0,4235000000.0,1725000000.0,879000000.0,418000000.0,362000000.0,-417000000.0,,1000000.0,-83000000.0,84000000.0,-4000000.0,52000000.0,0.17,0.4918,0.0485,0.0001,0.006,0.2281,2406000000.0,418000000.0,0.282,,0.286,,0.286,80000000.0,80000000.0,0.2794,0.2882,NXPI
2020-09-30 00:00:00,8406000000.0,4250000000.0,4156000000.0,1689000000.0,883000000.0,152000000.0,378000000.0,-373000000.0,11000000.0,-221000000.0,-108000000.0,-113000000.0,-4000000.0,-143000000.0,-0.52,0.4944,0.0181,-0.0263,-0.017,0.2045,2346000000.0,152000000.0,-0.4335,,-0.4294,,-0.4294,-117000000.0,-117000000.0,0.2791,0.2697,NXPI
2020-06-30 00:00:00,8404000000.0,4152000000.0,4252000000.0,1647000000.0,901000000.0,353000000.0,,-352000000.0,,1000000.0,-23000000.0,24000000.0,-4000000.0,-12000000.0,-0.05,0.5059,0.042,0.0001,-0.0014,0.2251,2475000000.0,353000000.0,0.0506,,0.0614,,0.0614,20000000.0,20000000.0,0.2945,0.2958,NXPI
2020-03-31 00:00:00,8804000000.0,4261000000.0,4543000000.0,1653000000.0,909000000.0,655000000.0,,-345000000.0,,310000000.0,31000000.0,279000000.0,-4000000.0,243000000.0,0.87,0.516,0.0744,0.0352,0.0276,0.2235,2740000000.0,655000000.0,0.9607,,0.9737,,0.9737,275000000.0,275000000.0,0.3112,0.2941,NXPI
2019-12-31 00:00:00,8877000000.0,4259000000.0,4618000000.0,1643000000.0,924000000.0,641000000.0,,-350000000.0,,291000000.0,20000000.0,271000000.0,1000000.0,243000000.0,0.88,0.5202,0.0722,0.0328,0.0274,0.1992,2688000000.0,641000000.0,0.9514,,0.9644,,0.9644,272000000.0,272000000.0,0.3028,0.2673,NXPI
2019-09-30 00:00:00,8979000000.0,4327000000.0,4652000000.0,1622000000.0,950000000.0,668000000.0,,-334000000.0,,334000000.0,-101000000.0,435000000.0,3000000.0,405000000.0,1.41,0.5181,0.0744,0.0372,0.0451,0.187,2696000000.0,668000000.0,1.3695,,1.3867,,1.3867,438000000.0,438000000.0,0.3003,0.255,NXPI
2019-06-30 00:00:00,9159000000.0,4437000000.0,4722000000.0,1659000000.0,981000000.0,2646000000.0,,-368000000.0,,2278000000.0,182000000.0,2096000000.0,56000000.0,2116000000.0,6.66,0.5156,0.2889,0.2487,0.231,0.3833,4654000000.0,2646000000.0,6.5852,,6.6434,,6.6434,2152000000.0,2152000000.0,0.5081,0.4541,NXPI
2019-03-31 00:00:00,9232000000.0,4481000000.0,4751000000.0,1689000000.0,993000000.0,2626000000.0,,-350000000.0,,2276000000.0,165000000.0,2111000000.0,61000000.0,2129000000.0,6.67,0.5146,0.2844,0.2465,0.2306,0.3669,4624000000.0,2626000000.0,6.614,,6.6716,,6.6716,2172000000.0,2172000000.0,0.5009,0.4381,NXPI
2018-12-31 00:00:00,9407000000.0,4556000000.0,4851000000.0,1700000000.0,993000000.0,2710000000.0,,-335000000.0,,2375000000.0,176000000.0,2199000000.0,59000000.0,2208000000.0,6.91,0.5157,0.2881,0.2525,0.2347,0.3943,4697000000.0,2710000000.0,6.8715,,6.931,,6.931,2258000000.0,2258000000.0,0.4993,0.4644,NXPI
2018-09-30 00:00:00,9460000000.0,4610000000.0,4850000000.0,1711000000.0,1011000000.0,2696000000.0,,-337000000.0,,2359000000.0,-312000000.0,2671000000.0,66000000.0,2685000000.0,8.17,0.5127,0.285,0.2494,0.2838,0.3962,4722000000.0,2696000000.0,8.2284,,8.3197,,8.3197,2737000000.0,2737000000.0,0.4992,0.4626,NXPI
2018-06-30 00:00:00,9402000000.0,4593000000.0,4809000000.0,1670000000.0,1051000000.0,648000000.0,,-294000000.0,,354000000.0,-653000000.0,1007000000.0,20000000.0,973000000.0,2.85,0.5115,0.0689,0.0377,0.1035,0.1885,2714000000.0,648000000.0,2.9483,,2.9999,,2.9999,1027000000.0,1027000000.0,0.2887,0.2557,NXPI
2018-03-31 00:00:00,9314000000.0,4602000000.0,4712000000.0,1613000000.0,1072000000.0,561000000.0,,-298000000.0,,263000000.0,-711000000.0,974000000.0,50000000.0,968000000.0,2.84,0.5059,0.0602,0.0282,0.1039,0.1972,2691000000.0,561000000.0,2.9407,,2.9947,,2.9947,1024000000.0,1024000000.0,0.2889,0.2622,NXPI
2017-12-31 00:00:00,9256000000.0,4637000000.0,4619000000.0,1554000000.0,1090000000.0,2102000000.0,,-366000000.0,,1736000000.0,-483000000.0,2219000000.0,53000000.0,2215000000.0,6.55,0.499,0.2271,0.1876,0.2393,0.1978,4275000000.0,2102000000.0,6.5702,,6.709,,6.709,2272000000.0,2272000000.0,0.4619,0.2644,NXPI
2017-09-30 00:00:00,9240000000.0,4674000000.0,4566000000.0,1502000000.0,1113000000.0,2065000000.0,,-383000000.0,,1682000000.0,-310000000.0,1992000000.0,49000000.0,1982000000.0,4.73,0.4942,0.2235,0.182,0.2145,0.1965,4226000000.0,2065000000.0,5.9299,,6.0407,,6.0407,2041000000.0,2041000000.0,0.4574,0.2647,NXPI
2017-06-30 00:00:00,9322000000.0,4787000000.0,4535000000.0,1489000000.0,1091000000.0,2076000000.0,,-422000000.0,,1654000000.0,-324000000.0,1978000000.0,48000000.0,1965000000.0,4.68,0.4865,0.2227,0.1774,0.2108,0.2104,4226000000.0,2076000000.0,5.8882,,5.999,,5.999,2026000000.0,2026000000.0,0.4533,0.2704,NXPI
2017-03-31 00:00:00,9485000000.0,4934000000.0,4551000000.0,1524000000.0,1111000000.0,2000000000.0,,-473000000.0,,1527000000.0,-422000000.0,1561000000.0,15000000.0,1903000000.0,4.49,0.4798,0.2109,0.161,0.2006,0.2096,4210000000.0,2000000000.0,5.7085,,5.8153,,5.8153,1964000000.0,1964000000.0,0.4439,0.2651,NXPI
2016-12-31 00:00:00,9498000000.0,5429000000.0,4069000000.0,1560000000.0,1141000000.0,-150000000.0,,-453000000.0,,-603000000.0,-851000000.0,1235000000.0,11000000.0,200000000.0,-0.55,0.4284,-0.0158,-0.0635,0.0211,0.1954,2055000000.0,-150000000.0,0.7451,,0.7652,,0.7652,259000000.0,259000000.0,0.2164,0.2425,NXPI
2016-09-30 00:00:00,8664000000.0,5165000000.0,3499000000.0,1516000000.0,1262000000.0,690000000.0,,-531000000.0,,159000000.0,-543000000.0,1078000000.0,9000000.0,652000000.0,2.77,0.4039,0.0796,0.0184,0.0753,0.1674,2595000000.0,690000000.0,3.0788,,3.2311,,3.2311,711000000.0,711000000.0,0.2995,0.212,NXPI
2016-06-30 00:00:00,7717000000.0,4662000000.0,3055000000.0,1315000000.0,1154000000.0,891000000.0,,-400000000.0,,491000000.0,-484000000.0,,7000000.0,922000000.0,4.06,0.3959,0.1155,0.0636,0.1195,0.1431,2364000000.0,891000000.0,4.3305,,4.5463,,4.5463,982000000.0,982000000.0,0.3063,0.1891,NXPI
2016-03-31 00:00:00,6858000000.0,4178000000.0,2680000000.0,1094000000.0,1038000000.0,1249000000.0,,-272000000.0,,977000000.0,-318000000.0,1295000000.0,7000000.0,1235000000.0,5.39,0.3908,0.1821,0.1425,0.1801,0.1467,2200000000.0,1249000000.0,5.647,,5.923,,5.923,1302000000.0,1302000000.0,0.3208,0.2006,NXPI
2015-12-31 00:00:00,6101000000.0,3314000000.0,2787000000.0,890000000.0,922000000.0,2015000000.0,,-529000000.0,,1486000000.0,-104000000.0,1590000000.0,9000000.0,1526000000.0,6.09,0.4568,0.3303,0.2436,0.2501,0.1613,2532000000.0,2015000000.0,6.393,,6.669,,6.669,1599000000.0,1599000000.0,0.415,0.218,NXPI
2015-09-30 00:00:00,6032000000.0,3160000000.0,2872000000.0,770000000.0,555000000.0,1312000000.0,,-492000000.0,,820000000.0,53000000.0,767000000.0,10000000.0,703000000.0,3.03,0.4761,0.2175,0.1359,0.1165,0.2072,1696000000.0,1312000000.0,3.1829,,3.3466,,3.3466,777000000.0,777000000.0,0.2812,0.2677,NXPI
2015-06-30 00:00:00,6025000000.0,3180000000.0,2845000000.0,788000000.0,604000000.0,1244000000.0,,-676000000.0,,568000000.0,42000000.0,526000000.0,10000000.0,463000000.0,1.98,0.4722,0.2065,0.0943,0.0768,0.2146,1637000000.0,1244000000.0,2.1773,,2.2968,,2.2968,536000000.0,536000000.0,0.2717,0.2775,NXPI
2015-03-31 00:00:00,5868000000.0,3109000000.0,2759000000.0,773000000.0,653000000.0,1161000000.0,,-738000000.0,,423000000.0,40000000.0,383000000.0,10000000.0,322000000.0,1.35,0.4702,0.1979,0.0721,0.0549,0.2009,1559000000.0,1161000000.0,1.5695,,1.6593,,1.6593,393000000.0,393000000.0,0.2657,0.2664,NXPI
2014-12-31 00:00:00,5647000000.0,3007000000.0,2640000000.0,763000000.0,686000000.0,1049000000.0,,-410000000.0,,639000000.0,40000000.0,599000000.0,8000000.0,539000000.0,2.26,0.4675,0.1858,0.1132,0.0954,0.196,1454000000.0,1049000000.0,2.4416,,2.5509,,2.5509,607000000.0,607000000.0,0.2575,0.26,NXPI
2014-09-30 00:00:00,5403000000.0,2878000000.0,2525000000.0,733000000.0,632000000.0,937000000.0,,-352000000.0,,585000000.0,41000000.0,544000000.0,11000000.0,486000000.0,2.01,0.4673,0.1734,0.1083,0.09,0.1669,1358000000.0,937000000.0,2.2132,,2.3,,2.3,555000000.0,555000000.0,0.2513,0.2269,NXPI
2014-06-30 00:00:00,5137000000.0,2755000000.0,2382000000.0,700000000.0,660000000.0,798000000.0,,-181000000.0,,617000000.0,38000000.0,579000000.0,10000000.0,520000000.0,2.12,0.4637,0.1553,0.1201,0.1012,0.1612,1253000000.0,798000000.0,2.3233,,2.4043,,2.4043,589000000.0,589000000.0,0.2439,0.2194,NXPI
2014-03-31 00:00:00,4976000000.0,2697000000.0,2279000000.0,675000000.0,655000000.0,719000000.0,,-167000000.0,,552000000.0,24000000.0,528000000.0,12000000.0,472000000.0,1.9,0.458,0.1445,0.1109,0.0949,0.1582,1203000000.0,719000000.0,2.1171,,2.1793,,2.1793,540000000.0,540000000.0,0.2418,0.21,NXPI
2013-12-31 00:00:00,4815000000.0,2638000000.0,2177000000.0,639000000.0,664000000.0,651000000.0,,-274000000.0,,377000000.0,20000000.0,357000000.0,58000000.0,348000000.0,1.39,0.4521,0.1352,0.0783,0.0723,0.1344,1165000000.0,651000000.0,1.6271,,1.6698,,1.6698,415000000.0,415000000.0,0.242,0.185,NXPI
2013-09-30 00:00:00,4638000000.0,2560000000.0,2078000000.0,642000000.0,960000000.0,486000000.0,,-348000000.0,,138000000.0,3000000.0,135000000.0,67000000.0,136000000.0,0.53,0.448,0.1048,0.0298,0.0293,0.1125,1019000000.0,486000000.0,0.7212,,0.8079,,0.7444,202000000.0,202000000.0,0.2197,0.1598,NXPI
2013-06-30 00:00:00,4559000000.0,2515000000.0,2044000000.0,632000000.0,957000000.0,486000000.0,,-384000000.0,,102000000.0,8000000.0,94000000.0,67000000.0,96000000.0,0.37,0.4483,0.1066,0.0224,0.0211,0.0836,1010000000.0,486000000.0,0.5014,,0.6459,,0.5131,161000000.0,161000000.0,0.2215,0.1393,NXPI
2013-03-31 00:00:00,4465000000.0,2418000000.0,2047000000.0,633000000.0,977000000.0,472000000.0,,-516000000.0,,-44000000.0,17000000.0,-61000000.0,19000000.0,-105000000.0,0.27,0.4585,0.1057,-0.0099,-0.0235,0.1046,1003000000.0,472000000.0,-0.364,,-0.1693,,-0.364,-42000000.0,-42000000.0,0.2246,0.1666,NXPI
2012-12-31 00:00:00,4358000000.0,2370000000.0,1988000000.0,628000000.0,977000000.0,412000000.0,,-437000000.0,,-25000000.0,1000000.0,-26000000.0,-27000000.0,-115000000.0,0.23,0.4562,0.0945,-0.0057,-0.0264,0.1019,945000000.0,412000000.0,-0.46,1.704,-0.2097,1.704,-0.46,-53000000.0,-52000000.0,0.2168,0.1657,NXPI
