Date,Revenue,Cost of Revenue,Gross Profit,R&D Expenses,SG&A Expenses,Operating Income,Interest Expense (Operating),Non-operating Income/Expense,Non-operating Interest Expenses,Investment Gain/Loss (Other),EBT,Income Tax Provision,Income after Tax,Net Income Common,EPS (Basic),Gross Margin,EBIT Margin,EBT margin,Net Profit Margin,Free Cash Flow Margin,EBITDA,EBIT,"EPS (Diluted, from Cont. Ops)","EPS (Diluted, from Disc. Ops)","EPS (Basic, Consolidated)","EPS (Basic, from Discontinued Ops)","EPS (Basic, from Continuous Ops)",Income from Continuous Operations,Income from Discontinued Operations,Consolidated Net Income/Loss,EBITDA Margin,Operating Cash Flow Margin,Ticker
2022-09-30 00:00:00,35736000000.0,19062000000.0,16674000000.0,205000000.0,967000000.0,13443000000.0,1155000000.0,-347000000.0,146000000.0,,13747000000.0,809000000.0,12938000000.0,12025000000.0,12.0,0.4666,0.4126,0.3847,0.3365,0.3692,20118000000.0,14744000000.0,12.06,,13.8264,,12.91,12938000000.0,,12849000000.0,0.563,0.4457,OXY
2022-06-30 00:00:00,33241000000.0,18680000000.0,14561000000.0,189000000.0,960000000.0,11108000000.0,1319000000.0,-175000000.0,127000000.0,,11316000000.0,294000000.0,11022000000.0,10120000000.0,10.13,0.438,0.3777,0.3404,0.3044,0.3851,18393000000.0,12554000000.0,10.19,,11.7333,,10.84,11022000000.0,,10946000000.0,0.5533,0.4446,OXY
2022-03-31 00:00:00,28847000000.0,15930000000.0,12917000000.0,249000000.0,893000000.0,6615000000.0,1590000000.0,17000000.0,140000000.0,,6473000000.0,-894000000.0,7367000000.0,6496000000.0,6.57,0.4478,0.2893,0.2244,0.2252,0.3816,15434000000.0,8345000000.0,6.61,,7.8455,,6.97,7367000000.0,,7322000000.0,0.535,0.4424,OXY
2021-12-31 00:00:00,25926000000.0,13679000000.0,12247000000.0,252000000.0,863000000.0,3583000000.0,1614000000.0,486000000.0,166000000.0,,3705000000.0,915000000.0,2790000000.0,1508000000.0,1.55,0.4724,0.2069,0.1429,0.0582,0.3544,13495000000.0,5363000000.0,2.06,-0.48,2.4835,-0.5,2.12,2790000000.0,-468000000.0,2334000000.0,0.5205,0.4025,OXY
2021-09-30 00:00:00,22292000000.0,11041000000.0,11251000000.0,178000000.0,792000000.0,-50000000.0,1638000000.0,492000000.0,172000000.0,,250000000.0,170000000.0,80000000.0,-1132000000.0,-1.23,0.5047,0.079,0.0112,-0.0508,0.4255,9926000000.0,1760000000.0,-0.78,-0.4121,-0.3311,-0.4321,-0.75,80000000.0,-407000000.0,-330000000.0,0.4453,0.3923,OXY
2021-06-30 00:00:00,19519000000.0,8536000000.0,10983000000.0,176000000.0,718000000.0,-5439000000.0,1542000000.0,414000000.0,175000000.0,,-5025000000.0,-620000000.0,-4405000000.0,-5533000000.0,-5.95,0.5627,-0.1907,-0.2574,-0.2835,0.3651,4512000000.0,-3722000000.0,-5.59,-0.32,-5.0633,-0.34,-5.58,-4405000000.0,-325000000.0,-4730000000.0,0.2312,0.332,OXY
2021-03-31 00:00:00,16489000000.0,8086000000.0,8403000000.0,123000000.0,766000000.0,-13913000000.0,1467000000.0,561000000.0,159000000.0,,-13352000000.0,-2131000000.0,-11221000000.0,-13789000000.0,-14.97,0.5096,-0.7452,-0.8098,-0.8363,0.2722,-4305000000.0,-12287000000.0,-13.06,-1.87,-14.0551,-1.89,-13.05,-11221000000.0,-1743000000.0,-12964000000.0,-0.2611,0.2138,OXY
2020-12-31 00:00:00,17809000000.0,8468000000.0,9341000000.0,132000000.0,864000000.0,-15282000000.0,1424000000.0,-423000000.0,116000000.0,,-15705000000.0,-2172000000.0,-13533000000.0,-15675000000.0,-17.09,0.5245,-0.7715,-0.8819,-0.8802,0.2078,-5643000000.0,-13740000000.0,-15.65,-1.43,-16.1435,-1.43,-15.65,-13533000000.0,-1313000000.0,-14831000000.0,-0.3169,0.2221,OXY
2020-09-30 00:00:00,20277000000.0,8861000000.0,11416000000.0,212000000.0,1000000000.0,-14842000000.0,1449000000.0,-307000000.0,126000000.0,,-15149000000.0,-1729000000.0,-13420000000.0,-15699000000.0,-17.18,0.563,-0.6541,-0.7471,-0.7742,0.0884,-4551000000.0,-13263000000.0,-16.05,-1.4661,-16.4202,-1.4661,-16.05,-13420000000.0,-1354000000.0,-14755000000.0,-0.2244,0.2249,OXY
2020-06-30 00:00:00,22028000000.0,9288000000.0,12740000000.0,246000000.0,1079000000.0,-11237000000.0,1477000000.0,-428000000.0,141000000.0,,-11665000000.0,-1163000000.0,-10502000000.0,-12833000000.0,-14.19,0.5784,-0.4356,-0.5296,-0.5826,0.302,-1031000000.0,-9595000000.0,-12.95,-1.5661,-13.4624,-1.5661,-12.95,-10502000000.0,-1437000000.0,-11932000000.0,-0.0468,0.2775,OXY
2020-03-31 00:00:00,23520000000.0,9316000000.0,14204000000.0,248000000.0,1017000000.0,-2188000000.0,1320000000.0,-1996000000.0,138000000.0,-358000000.0,-2540000000.0,611000000.0,-3151000000.0,-3845000000.0,-4.23,0.6039,-0.0295,-0.108,-0.1635,0.3182,6781000000.0,-695000000.0,-4.53,,-3.7323,,-4.53,-3151000000.0,,-3166000000.0,0.2883,0.3302,OXY
2019-12-31 00:00:00,20911000000.0,8387000000.0,12524000000.0,247000000.0,893000000.0,121000000.0,1066000000.0,-1447000000.0,,,354000000.0,861000000.0,-507000000.0,-985000000.0,-0.9,0.5989,0.0671,0.0169,-0.0471,0.342,7544000000.0,1404000000.0,-1.2,,-0.6448,,-1.2,-507000000.0,,-522000000.0,0.3608,0.3527,OXY
2019-09-30 00:00:00,19045000000.0,7858000000.0,11187000000.0,184000000.0,710000000.0,2229000000.0,731000000.0,-1743000000.0,,,2196000000.0,820000000.0,1376000000.0,1060000000.0,1.54,0.5874,0.1664,0.1153,0.0557,0.3796,8027000000.0,3170000000.0,1.5419,-0.03,1.7394,-0.03,1.5478,1235000000.0,-25000000.0,1220000000.0,0.4215,0.413,OXY
2019-06-30 00:00:00,18402000000.0,7267000000.0,11135000000.0,145000000.0,616000000.0,5349000000.0,446000000.0,,,438000000.0,5349000000.0,1367000000.0,3982000000.0,3841000000.0,5.06,0.6051,0.3251,0.2907,0.2087,0.304,10096000000.0,5983000000.0,5.0419,,5.0823,,5.0478,3841000000.0,,3841000000.0,0.5486,0.4274,OXY
2019-03-31 00:00:00,18065000000.0,6915000000.0,11150000000.0,131000000.0,595000000.0,5480000000.0,390000000.0,,,404000000.0,5480000000.0,1363000000.0,4117000000.0,4054000000.0,5.32,0.6172,0.3352,0.3033,0.2244,0.2904,10084000000.0,6055000000.0,5.3069,,5.3412,,5.3153,4054000000.0,,4054000000.0,0.5582,0.4211,OXY
2018-12-31 00:00:00,17824000000.0,6568000000.0,11256000000.0,110000000.0,585000000.0,5608000000.0,389000000.0,,,411000000.0,5608000000.0,1477000000.0,4131000000.0,4131000000.0,5.4,0.6315,0.3441,0.3146,0.2318,0.3096,10110000000.0,6133000000.0,5.39,,5.4234,,5.4001,4131000000.0,,4131000000.0,0.5672,0.4303,OXY
2018-09-30 00:00:00,16554000000.0,5939000000.0,10615000000.0,115000000.0,-7000000.0,4978000000.0,377000000.0,,,,4978000000.0,920000000.0,4058000000.0,3916000000.0,5.11,0.6412,0.3312,0.3007,0.2366,0.2741,9450000000.0,5483000000.0,5.1053,,5.1354,,5.1182,3922000000.0,,3922000000.0,0.5709,0.3981,OXY
2018-06-30 00:00:00,14337000000.0,5510000000.0,8827000000.0,99000000.0,194000000.0,2614000000.0,372000000.0,,,281000000.0,2614000000.0,295000000.0,2319000000.0,2236000000.0,2.92,0.6157,0.2162,0.1823,0.156,0.059,7039000000.0,3100000000.0,2.9132,,2.9299,,2.9264,2243000000.0,,2243000000.0,0.491,0.3677,OXY
2018-03-31 00:00:00,13314000000.0,5531000000.0,7783000000.0,86000000.0,404000000.0,2147000000.0,361000000.0,,,390000000.0,2147000000.0,278000000.0,1869000000.0,1893000000.0,2.48,0.5846,0.1964,0.1613,0.1422,0.1094,6596000000.0,2615000000.0,2.4702,,2.4852,,2.4817,1902000000.0,,1902000000.0,0.4954,0.403,OXY
2017-12-31 00:00:00,12508000000.0,5594000000.0,6914000000.0,82000000.0,546000000.0,1328000000.0,345000000.0,,,357000000.0,1328000000.0,17000000.0,1311000000.0,1305000000.0,1.71,0.5528,0.1417,0.1062,0.1043,0.1009,5774000000.0,1772000000.0,1.7,,1.7135,,1.71,1311000000.0,,1311000000.0,0.4616,0.3886,OXY
2017-09-30 00:00:00,11804000000.0,5595000000.0,6209000000.0,44000000.0,1380000000.0,345000000.0,334000000.0,,,316000000.0,345000000.0,115000000.0,230000000.0,539000000.0,0.7,0.526,0.0665,0.0292,0.0457,0.0885,4761000000.0,785000000.0,0.7128,,0.7079,,0.7141,546000000.0,,542000000.0,0.4033,0.369,OXY
2017-06-30 00:00:00,11453000000.0,5576000000.0,5877000000.0,45000000.0,1344000000.0,-196000000.0,311000000.0,,,314000000.0,-196000000.0,0.0,-196000000.0,109000000.0,0.13,0.5131,0.0197,-0.0171,0.0095,0.0836,4253000000.0,226000000.0,0.1549,,0.1443,,0.1559,118000000.0,,111000000.0,0.3713,0.3423,OXY
2017-03-31 00:00:00,10924000000.0,5334000000.0,5590000000.0,64000000.0,1330000000.0,-1084000000.0,313000000.0,,,178000000.0,-1084000000.0,-381000000.0,-703000000.0,-535000000.0,-0.71,0.5117,-0.0608,-0.0992,-0.049,0.0373,3444000000.0,-664000000.0,-0.6871,,-0.7005,,-0.6869,-525000000.0,,-535000000.0,0.3153,0.2929,OXY
2016-12-31 00:00:00,10090000000.0,5189000000.0,4901000000.0,62000000.0,1330000000.0,-1845000000.0,292000000.0,,,181000000.0,-1845000000.0,-662000000.0,-1183000000.0,-574000000.0,-0.76,0.4857,-0.1434,-0.1829,-0.0569,0.0661,2821000000.0,-1447000000.0,-1.31,0.56,-0.7514,0.56,-1.31,-1002000000.0,428000000.0,-574000000.0,0.2796,0.3354,OXY
2016-09-30 00:00:00,10108000000.0,5217000000.0,4891000000.0,58000000.0,1246000000.0,-7954000000.0,277000000.0,,,196000000.0,-7954000000.0,-1519000000.0,-6435000000.0,-5480000000.0,-7.18,0.4839,-0.7494,-0.7869,-0.5421,0.0503,-3081000000.0,-7575000000.0,-8.14,0.9852,-7.1495,0.9852,-8.14,-6239000000.0,759000000.0,-5480000000.0,-0.3048,0.3396,OXY
2016-06-30 00:00:00,10576000000.0,5292000000.0,5284000000.0,54000000.0,1222000000.0,-10739000000.0,257000000.0,,,198000000.0,-10739000000.0,-1934000000.0,-8805000000.0,-7848000000.0,-10.28,0.4996,-0.9809,-1.0154,-0.7421,0.033,-5803000000.0,-10374000000.0,-11.24,0.9852,-10.2522,0.9852,-11.24,-8607000000.0,759000000.0,-7848000000.0,-0.5487,0.3596,OXY
2016-03-31 00:00:00,11514000000.0,5528000000.0,5986000000.0,37000000.0,1231000000.0,-10010000000.0,177000000.0,,,205000000.0,-10010000000.0,-1514000000.0,-8496000000.0,-7533000000.0,-9.87,0.5199,-0.8447,-0.8694,-0.6542,-0.0664,-5109000000.0,-9726000000.0,-10.83,0.9839,-9.8406,0.9839,-10.83,-8291000000.0,758000000.0,-7533000000.0,-0.4437,0.3022,OXY
2015-12-31 00:00:00,12480000000.0,5804000000.0,6676000000.0,36000000.0,1270000000.0,-9684000000.0,147000000.0,,,208000000.0,-9684000000.0,-1330000000.0,-8354000000.0,-7829000000.0,-10.25,0.5349,-0.7547,-0.776,-0.6273,-0.1539,-4875000000.0,-9419000000.0,-10.64,0.41,-10.2261,0.41,-10.64,-8146000000.0,317000000.0,-7829000000.0,-0.3906,0.2685,OXY
2015-09-30 00:00:00,13981000000.0,5206000000.0,8775000000.0,82000000.0,1352000000.0,-7066000000.0,105000000.0,,,242000000.0,-7066000000.0,-757000000.0,-6309000000.0,-6058000000.0,-7.88,0.6276,-0.49,-0.5054,-0.4333,-0.1367,-2379000000.0,-6851000000.0,-7.82,0.0109,-7.8145,0.0109,-7.83,-6067000000.0,9000000.0,-6058000000.0,-0.1702,0.3757,OXY
2015-06-30 00:00:00,15769000000.0,5529000000.0,10240000000.0,105000000.0,1415000000.0,-2351000000.0,73000000.0,,,275000000.0,-2351000000.0,387000000.0,-2738000000.0,-2244000000.0,-2.91,0.6494,-0.1375,-0.1491,-0.1423,-0.0762,2237000000.0,-2168000000.0,-3.13,0.2909,-2.8386,0.2909,-3.14,-2463000000.0,225000000.0,-2238000000.0,0.1419,0.4357,OXY
2015-03-31 00:00:00,17433000000.0,5740000000.0,11693000000.0,134000000.0,1497000000.0,-910000000.0,85000000.0,,,300000000.0,-910000000.0,872000000.0,-1782000000.0,-992000000.0,-1.31,0.6707,-0.0398,-0.0522,-0.0569,0.0069,3619000000.0,-694000000.0,-1.89,0.6461,-1.2358,0.6461,-1.89,-1482000000.0,502000000.0,-980000000.0,0.2076,0.5124,OXY
2014-12-31 00:00:00,19312000000.0,6803000000.0,12509000000.0,150000000.0,1503000000.0,1224000000.0,77000000.0,,,331000000.0,1224000000.0,1685000000.0,-461000000.0,616000000.0,0.72,0.6477,0.0741,0.0634,0.0319,0.1107,5692000000.0,1431000000.0,-0.18,0.97,0.8066,0.97,-0.18,-130000000.0,760000000.0,630000000.0,0.2947,0.5731,OXY
2014-09-30 00:00:00,16892000000.0,3013000000.0,13879000000.0,35000000.0,1298000000.0,6338000000.0,97000000.0,,,350000000.0,6338000000.0,2734000000.0,3604000000.0,5653000000.0,7.17,0.8216,0.3884,0.3752,0.3347,0.2622,9925000000.0,6561000000.0,5.0,2.1662,7.1979,2.18,5.0,3954000000.0,1726000000.0,5680000000.0,0.5876,0.6627,OXY
2014-06-30 00:00:00,18437000000.0,4491000000.0,13946000000.0,75000000.0,1402000000.0,7253000000.0,110000000.0,,,363000000.0,7253000000.0,3072000000.0,4181000000.0,6031000000.0,7.58,0.7564,0.4059,0.3934,0.3271,0.2775,11126000000.0,7484000000.0,5.69,1.8862,7.6063,1.9,5.69,4544000000.0,1508000000.0,6052000000.0,0.6035,0.6572,OXY
2014-03-31 00:00:00,19266000000.0,5980000000.0,13286000000.0,114000000.0,1468000000.0,7508000000.0,120000000.0,,,366000000.0,7508000000.0,3164000000.0,4344000000.0,5925000000.0,7.39,0.6896,0.4012,0.3897,0.3075,0.2949,11651000000.0,7730000000.0,5.86,1.53,7.4163,1.54,5.86,4710000000.0,1230000000.0,5940000000.0,0.6047,0.6625,OXY
2013-12-31 00:00:00,20170000000.0,6497000000.0,13673000000.0,140000000.0,1544000000.0,7751000000.0,132000000.0,,,395000000.0,7751000000.0,3214000000.0,4537000000.0,5890000000.0,7.32,0.6779,0.3961,0.3843,0.292,0.2688,12193000000.0,7990000000.0,6.12,1.2,7.3411,1.21,6.12,4932000000.0,971000000.0,5903000000.0,0.6045,0.6335,OXY
2013-09-30 00:00:00,20382000000.0,6875000000.0,13507000000.0,130000000.0,1550000000.0,7690000000.0,219000000.0,,,358000000.0,6046000000.0,2572000000.0,3474000000.0,4604000000.0,5.7,0.6627,0.3931,0.2966,0.2259,0.2883,12174000000.0,8013000000.0,4.76,0.94,5.7134,0.9362,4.77,3832000000.0,764000000.0,4596000000.0,0.5973,0.6175,OXY
2013-06-30 00:00:00,19898000000.0,6837000000.0,13061000000.0,131000000.0,1485000000.0,7351000000.0,218000000.0,,,342000000.0,5671000000.0,2390000000.0,3281000000.0,4393000000.0,5.43,0.6564,0.3842,0.285,0.2208,0.228,11620000000.0,7645000000.0,4.49,0.94,5.4454,0.9362,4.5,3623000000.0,765000000.0,4388000000.0,0.584,0.5813,OXY
2013-03-31 00:00:00,19704000000.0,6717000000.0,12987000000.0,149000000.0,1325000000.0,7315000000.0,219000000.0,,,357000000.0,5635000000.0,2364000000.0,3271000000.0,4397000000.0,5.43,0.6591,0.3859,0.286,0.2232,0.1885,11362000000.0,7603000000.0,4.49,0.9413,5.4419,0.9413,4.49,3628000000.0,766000000.0,4394000000.0,0.5766,0.5707,OXY
2012-12-31 00:00:00,20100000000.0,6530000000.0,13570000000.0,197000000.0,1366000000.0,7835000000.0,210000000.0,,,363000000.0,6125000000.0,2659000000.0,3466000000.0,4598000000.0,5.67,0.6751,0.4014,0.3047,0.2288,0.1704,11654000000.0,8069000000.0,4.72,0.9501,5.6815,0.9501,4.72,3829000000.0,769000000.0,4598000000.0,0.5798,0.5621,OXY
