Date,Revenue,Cost of Revenue,Gross Profit,SG&A Expenses,Operating Income,Interest Expense (Operating),Non-operating Income/Expense,Non-operating Interest Expenses,EBT,Income Tax Provision,Income after Tax,Net Income Common,EPS (Basic),Gross Margin,EBIT Margin,EBT margin,Net Profit Margin,Free Cash Flow Margin,EBITDA,EBIT,"EPS (Diluted, from Cont. Ops)","EPS (Basic, Consolidated)","EPS (Basic, from Continuous Ops)",Income from Continuous Operations,Consolidated Net Income/Loss,EBITDA Margin,Operating Cash Flow Margin,Ticker
2022-09-30 00:00:00,21556000000.0,4632000000.0,16924000000.0,10137000000.0,2348000000.0,1751000000.0,-1362000000.0,1751000000.0,986000000.0,-787000000.0,1773000000.0,1759000000.0,0.87,0.7851,0.1089,0.0457,0.0816,-0.3113,6126000000.0,2348000000.0,0.8666,0.8927,0.8927,1773000000.0,1773000000.0,0.2842,0.1355,PCG
2022-06-30 00:00:00,21627000000.0,4652000000.0,16975000000.0,10682000000.0,1926000000.0,1625000000.0,-1265000000.0,1625000000.0,661000000.0,435000000.0,226000000.0,212000000.0,0.09,0.7849,0.0891,0.0306,0.0098,-0.2745,5503000000.0,1926000000.0,0.1032,0.1136,0.1136,226000000.0,226000000.0,0.2545,0.1235,PCG
2022-03-31 00:00:00,21724000000.0,4547000000.0,17177000000.0,10974000000.0,2115000000.0,1612000000.0,-1118000000.0,1612000000.0,997000000.0,730000000.0,267000000.0,253000000.0,0.11,0.7907,0.0974,0.0459,0.0116,-0.253,5602000000.0,2115000000.0,0.122,0.1344,0.1344,267000000.0,267000000.0,0.2579,0.1254,PCG
2021-12-31 00:00:00,20642000000.0,4381000000.0,16261000000.0,10200000000.0,1883000000.0,1601000000.0,-1135000000.0,1601000000.0,748000000.0,836000000.0,-88000000.0,-102000000.0,-0.07,0.7878,0.0912,0.0362,-0.0049,-0.2629,5286000000.0,1883000000.0,-0.0443,-0.0443,-0.0443,-88000000.0,-88000000.0,0.2561,0.1096,PCG
2021-09-30 00:00:00,20144000000.0,4212000000.0,15932000000.0,10000000000.0,1662000000.0,1621000000.0,-1060000000.0,1621000000.0,602000000.0,962000000.0,-360000000.0,-374000000.0,-0.13,0.7909,0.0825,0.0299,-0.0186,-0.2751,5096000000.0,1662000000.0,1.762,1.648,1.648,-360000000.0,-360000000.0,0.253,0.1063,PCG
2021-06-30 00:00:00,19561000000.0,4107000000.0,15454000000.0,9495000000.0,1756000000.0,1613000000.0,-1214000000.0,1613000000.0,542000000.0,-272000000.0,814000000.0,800000000.0,0.46,0.79,0.0898,0.0277,0.0409,-1.4878,5234000000.0,1756000000.0,2.3503,2.2398,2.2398,814000000.0,814000000.0,0.2676,-1.0833,PCG
2021-03-31 00:00:00,18879000000.0,3966000000.0,14913000000.0,9053000000.0,1404000000.0,1414000000.0,-2659000000.0,1414000000.0,-1255000000.0,300000000.0,-1555000000.0,-1569000000.0,-3.47,0.7899,0.0744,-0.0665,-0.0831,-1.4494,4905000000.0,1404000000.0,-1.5568,-1.6824,-1.6824,-1555000000.0,-1555000000.0,0.2598,-1.0349,PCG
2020-12-31 00:00:00,18469000000.0,3898000000.0,14571000000.0,8684000000.0,1755000000.0,1260000000.0,-2697000000.0,1260000000.0,-942000000.0,362000000.0,-1304000000.0,-1318000000.0,-2.83,0.7889,0.095,-0.051,-0.0714,-1.4522,5223000000.0,1755000000.0,-1.0373,-1.0374,-1.0374,-1304000000.0,-1304000000.0,0.2828,-1.0358,PCG
2020-09-30 00:00:00,18464000000.0,3734000000.0,14730000000.0,8888000000.0,-3008000000.0,1563000000.0,-3187000000.0,1563000000.0,-6195000000.0,-1074000000.0,-5121000000.0,-5138000000.0,-9.83,0.7978,-0.1629,-0.3355,-0.2783,-1.4117,367000000.0,-3008000000.0,-9.961,-9.8282,-9.8282,-5121000000.0,-5121000000.0,0.0199,-1.0003,PCG
2020-06-30 00:00:00,18014000000.0,3668000000.0,14346000000.0,8804000000.0,-5706000000.0,,-2811000000.0,1224000000.0,-8517000000.0,-1694000000.0,-6823000000.0,-6840000000.0,-12.93,0.7964,-0.3168,-0.4728,-0.3797,-0.1084,-2336000000.0,-5706000000.0,-13.056,-12.9267,-12.9267,-6823000000.0,-6823000000.0,-0.1297,0.297,PCG
2020-03-31 00:00:00,17424000000.0,3720000000.0,13704000000.0,8605000000.0,-9628000000.0,,-1128000000.0,1085000000.0,-10756000000.0,-3352000000.0,-7404000000.0,-7421000000.0,-14.03,0.7865,-0.5526,-0.6173,-0.4259,-0.1465,-6336000000.0,-9628000000.0,-14.1543,-14.025,-14.025,-7404000000.0,-7404000000.0,-0.3636,0.2397,PCG
2019-12-31 00:00:00,17129000000.0,3829000000.0,13300000000.0,8725000000.0,-10094000000.0,,-948000000.0,934000000.0,-11042000000.0,-3400000000.0,-7642000000.0,-7656000000.0,-14.48,0.7765,-0.5893,-0.6446,-0.447,-0.0874,-6860000000.0,-10094000000.0,-14.4734,-14.4734,-14.4734,-7642000000.0,-7642000000.0,-0.4005,0.2812,PCG
2019-09-30 00:00:00,16474000000.0,4045000000.0,12429000000.0,8387000000.0,-15281000000.0,,-314000000.0,466000000.0,-15595000000.0,-4697000000.0,-10898000000.0,-10909000000.0,-20.88,0.7545,-0.9276,-0.9466,-0.6622,-0.0929,-12069000000.0,-15281000000.0,-20.8995,-20.9006,-20.9006,-10898000000.0,-10898000000.0,-0.7326,0.2782,PCG
2019-06-30 00:00:00,16423000000.0,4232000000.0,12191000000.0,7792000000.0,-12285000000.0,,-383000000.0,646000000.0,-12668000000.0,-3953000000.0,-8715000000.0,-8726000000.0,-16.73,0.7423,-0.748,-0.7714,-0.5313,-0.0774,-9154000000.0,-12285000000.0,-16.748,-16.7491,-16.7491,-8715000000.0,-8715000000.0,-0.5574,0.2896,PCG
2019-03-31 00:00:00,16714000000.0,4329000000.0,12385000000.0,7636000000.0,-10110000000.0,,-463000000.0,812000000.0,-10573000000.0,-3427000000.0,-7146000000.0,-7157000000.0,-13.81,0.741,-0.6049,-0.6326,-0.4282,-0.0469,-7029000000.0,-10110000000.0,-13.8287,-13.8298,-13.8298,-7146000000.0,-7146000000.0,-0.4205,0.3281,PCG
2018-12-31 00:00:00,16759000000.0,4499000000.0,12260000000.0,7153000000.0,-9700000000.0,,-429000000.0,929000000.0,-10129000000.0,-3292000000.0,-6837000000.0,-6851000000.0,-13.2,0.7315,-0.5788,-0.6044,-0.4088,-0.1051,-6664000000.0,-9700000000.0,-13.2244,-13.2243,-13.2243,-6837000000.0,-6837000000.0,-0.3976,0.2835,PCG
2018-09-30 00:00:00,16771000000.0,4570000000.0,12201000000.0,6876000000.0,247000000.0,,-516000000.0,903000000.0,-269000000.0,-419000000.0,150000000.0,136000000.0,0.26,0.7275,0.0147,-0.016,0.0081,-0.0488,3224000000.0,247000000.0,0.2918,0.2837,0.2837,150000000.0,150000000.0,0.1922,0.3265,PCG
2018-06-30 00:00:00,16907000000.0,4789000000.0,12118000000.0,6589000000.0,437000000.0,,-575000000.0,891000000.0,-138000000.0,-274000000.0,136000000.0,122000000.0,0.24,0.7167,0.0258,-0.0082,0.0072,-0.0053,3365000000.0,437000000.0,0.2668,0.265,0.265,136000000.0,136000000.0,0.199,0.3533,PCG
2018-03-31 00:00:00,16923000000.0,4991000000.0,11932000000.0,6408000000.0,2637000000.0,,-658000000.0,890000000.0,1979000000.0,453000000.0,1526000000.0,1512000000.0,2.94,0.7051,0.1558,0.1169,0.0893,0.0012,5531000000.0,2637000000.0,2.9652,2.9665,2.9665,1526000000.0,1526000000.0,0.3268,0.3495,PCG
2017-12-31 00:00:00,17135000000.0,5055000000.0,12080000000.0,6321000000.0,2905000000.0,,-734000000.0,888000000.0,2171000000.0,511000000.0,1660000000.0,1646000000.0,3.21,0.705,0.1695,0.1267,0.0961,0.0196,5759000000.0,2905000000.0,3.2359,3.2422,3.2422,1660000000.0,1660000000.0,0.3361,0.3488,PCG
2017-09-30 00:00:00,17748000000.0,5244000000.0,12504000000.0,6141000000.0,3432000000.0,,-631000000.0,871000000.0,2801000000.0,563000000.0,2238000000.0,2224000000.0,4.35,0.7045,0.1934,0.1578,0.1253,0.0194,6231000000.0,3432000000.0,4.3911,4.4136,4.4136,2238000000.0,2238000000.0,0.3511,0.3303,PCG
2017-06-30 00:00:00,18041000000.0,5393000000.0,12648000000.0,6600000000.0,3186000000.0,,-637000000.0,862000000.0,2549000000.0,473000000.0,2076000000.0,2062000000.0,4.05,0.7011,0.1766,0.1413,0.1143,-0.0101,5969000000.0,3186000000.0,4.0967,4.116,4.116,2076000000.0,2076000000.0,0.3309,0.2965,PCG
2017-03-31 00:00:00,17960000000.0,5380000000.0,12580000000.0,6833000000.0,2852000000.0,,-625000000.0,844000000.0,2227000000.0,351000000.0,1876000000.0,1862000000.0,3.67,0.7004,0.1588,0.124,0.1037,-0.0446,5622000000.0,2852000000.0,3.7192,3.7362,3.7362,1876000000.0,1876000000.0,0.313,0.2726,PCG
2016-12-31 00:00:00,17666000000.0,5380000000.0,12286000000.0,7326000000.0,2080000000.0,,-618000000.0,829000000.0,1462000000.0,55000000.0,1407000000.0,1393000000.0,2.76,0.6955,0.1177,0.0828,0.0789,-0.0736,4835000000.0,2080000000.0,2.8083,2.8195,2.8195,1407000000.0,1407000000.0,0.2737,0.2496,PCG
2016-09-30 00:00:00,17120000000.0,5458000000.0,11662000000.0,7554000000.0,1341000000.0,,-708000000.0,819000000.0,633000000.0,-216000000.0,849000000.0,835000000.0,1.67,0.6812,0.0783,0.037,0.0488,-0.0887,4108000000.0,1341000000.0,1.6994,1.7057,1.7057,849000000.0,849000000.0,0.24,0.2407,PCG
2016-06-30 00:00:00,16860000000.0,5496000000.0,11364000000.0,7392000000.0,1246000000.0,,-697000000.0,802000000.0,549000000.0,-219000000.0,768000000.0,754000000.0,1.53,0.674,0.0739,0.0326,0.0447,-0.0995,3972000000.0,1246000000.0,1.556,1.5632,1.5632,768000000.0,768000000.0,0.2356,0.2216,PCG
2016-03-31 00:00:00,16908000000.0,5660000000.0,11248000000.0,7038000000.0,1532000000.0,,-689000000.0,787000000.0,843000000.0,-121000000.0,964000000.0,950000000.0,1.96,0.6652,0.0906,0.0499,0.0562,-0.0842,4210000000.0,1532000000.0,1.9749,1.9865,1.9865,964000000.0,964000000.0,0.249,0.224,PCG
2015-12-31 00:00:00,16833000000.0,5762000000.0,11071000000.0,6951000000.0,1508000000.0,,-647000000.0,773000000.0,861000000.0,-27000000.0,888000000.0,874000000.0,1.8,0.6577,0.0896,0.0511,0.0519,-0.0828,4120000000.0,1508000000.0,1.8234,1.8347,1.8347,888000000.0,888000000.0,0.2448,0.2246,PCG
2015-09-30 00:00:00,16974000000.0,5934000000.0,11040000000.0,6752000000.0,1686000000.0,,-682000000.0,762000000.0,1004000000.0,119000000.0,885000000.0,871000000.0,1.8,0.6504,0.0993,0.0591,0.0513,-0.074,4288000000.0,1686000000.0,1.8352,1.8473,1.8473,885000000.0,885000000.0,0.2526,0.2165,PCG
2015-06-30 00:00:00,17363000000.0,6119000000.0,11244000000.0,6418000000.0,2206000000.0,,-650000000.0,742000000.0,1556000000.0,167000000.0,1389000000.0,1375000000.0,2.89,0.6476,0.1271,0.0896,0.0792,-0.0377,4826000000.0,2206000000.0,2.9186,2.934,2.934,1389000000.0,1389000000.0,0.2779,0.2459,PCG
2015-03-31 00:00:00,17098000000.0,6273000000.0,10825000000.0,6262000000.0,2037000000.0,,-622000000.0,738000000.0,1415000000.0,161000000.0,1254000000.0,1240000000.0,2.62,0.6331,0.1191,0.0828,0.0725,-0.0484,4563000000.0,2037000000.0,2.6558,2.6685,2.6685,1254000000.0,1254000000.0,0.2669,0.2339,PCG
2014-12-31 00:00:00,17090000000.0,6569000000.0,10521000000.0,5638000000.0,2450000000.0,,-655000000.0,734000000.0,1795000000.0,345000000.0,1450000000.0,1436000000.0,3.05,0.6156,0.1434,0.105,0.084,-0.0669,4883000000.0,2450000000.0,3.0851,3.0983,3.0983,1450000000.0,1450000000.0,0.2857,0.2159,PCG
2014-09-30 00:00:00,16757000000.0,6546000000.0,10211000000.0,5510000000.0,2400000000.0,,-660000000.0,730000000.0,1740000000.0,335000000.0,1405000000.0,1391000000.0,2.97,0.6094,0.1432,0.1038,0.083,-0.0799,4701000000.0,2400000000.0,2.9831,2.9944,2.9944,1405000000.0,1405000000.0,0.2805,0.2119,PCG
2014-06-30 00:00:00,15993000000.0,6406000000.0,9587000000.0,5808000000.0,1626000000.0,,-675000000.0,735000000.0,951000000.0,196000000.0,755000000.0,741000000.0,1.61,0.5994,0.1017,0.0595,0.0463,-0.1099,3779000000.0,1626000000.0,1.6327,1.6375,1.6375,755000000.0,755000000.0,0.2363,0.2031,PCG
2014-03-31 00:00:00,15817000000.0,6225000000.0,9592000000.0,5736000000.0,1744000000.0,,-683000000.0,724000000.0,1061000000.0,245000000.0,816000000.0,802000000.0,1.78,0.6064,0.1103,0.0671,0.0507,-0.1154,3856000000.0,1744000000.0,1.8043,1.8083,1.8083,816000000.0,816000000.0,0.2438,0.2105,PCG
2013-12-31 00:00:00,15598000000.0,5984000000.0,9614000000.0,5775000000.0,1762000000.0,,-666000000.0,715000000.0,1096000000.0,268000000.0,828000000.0,814000000.0,1.84,0.6164,0.113,0.0703,0.0522,-0.1141,3839000000.0,1762000000.0,1.8606,1.8648,1.8648,828000000.0,828000000.0,0.2461,0.2197,PCG
2013-09-30 00:00:00,15453000000.0,5799000000.0,9654000000.0,6093000000.0,1554000000.0,,-636000000.0,707000000.0,918000000.0,189000000.0,729000000.0,715000000.0,1.62,0.6247,0.1006,0.0594,0.0463,-0.057,3561000000.0,1554000000.0,1.6474,1.6484,1.6484,729000000.0,729000000.0,0.2304,0.2759,PCG
2013-06-30 00:00:00,15254000000.0,5424000000.0,9830000000.0,5852000000.0,1877000000.0,,-635000000.0,706000000.0,1242000000.0,313000000.0,929000000.0,915000000.0,2.1,0.6444,0.123,0.0814,0.06,-0.0498,3978000000.0,1877000000.0,2.129,2.1312,2.1312,929000000.0,929000000.0,0.2608,0.2732,PCG
2013-03-31 00:00:00,15071000000.0,5150000000.0,9921000000.0,6022000000.0,1708000000.0,,-625000000.0,705000000.0,1083000000.0,247000000.0,836000000.0,822000000.0,1.92,0.6583,0.1133,0.0719,0.0545,0.0027,3899000000.0,1708000000.0,1.942,1.9451,1.9451,836000000.0,836000000.0,0.2587,0.3198,PCG
2012-12-31 00:00:00,15040000000.0,5023000000.0,10017000000.0,6052000000.0,1693000000.0,,-626000000.0,703000000.0,1067000000.0,237000000.0,830000000.0,816000000.0,1.93,0.666,0.1126,0.0709,0.0543,0.0172,3965000000.0,1693000000.0,1.953,1.9575,1.9575,830000000.0,830000000.0,0.2636,0.3246,PCG
