Date,Revenue,Cost of Revenue,Gross Profit,R&D Expenses,SG&A Expenses,Operating Income,Interest Expense (Operating),Non-operating Income/Expense,Non-operating Interest Expenses,EBT,Income Tax Provision,Income after Tax,Net Income Common,EPS (Basic),Gross Margin,EBIT Margin,EBT margin,Net Profit Margin,Free Cash Flow Margin,EBITDA,EBIT,"EPS (Diluted, from Cont. Ops)","EPS (Diluted, from Disc. Ops)","EPS (Basic, Consolidated)","EPS (Basic, from Discontinued Ops)","EPS (Basic, from Continuous Ops)",Income from Continuous Operations,Income from Discontinued Operations,Consolidated Net Income/Loss,EBITDA Margin,Operating Cash Flow Margin,Ticker
2022-09-30 00:00:00,99879000000.0,37531000000.0,62348000000.0,13727000000.0,13136000000.0,33554000000.0,1241000000.0,5957000000.0,128000000.0,33325000000.0,3347000000.0,29978000000.0,29767000000.0,5.2,0.6242,0.3359,0.3337,0.298,0.2736,40791000000.0,33554000000.0,5.23,-0.0332,5.3153,-0.0332,5.34,29979000000.0,-182000000.0,29979000000.0,0.4084,0.306,PFE
2022-06-30 00:00:00,101335000000.0,41465000000.0,59870000000.0,14478000000.0,12500000000.0,30758000000.0,1255000000.0,6044000000.0,68000000.0,32160000000.0,2660000000.0,29504000000.0,29284000000.0,5.11,0.5908,0.3035,0.3174,0.289,0.2806,38238000000.0,30758000000.0,5.15,-0.0318,5.232,-0.0318,5.25,29505000000.0,-174000000.0,29501000000.0,0.3773,0.3104,PFE
2022-03-31 00:00:00,92492000000.0,39395000000.0,53097000000.0,13902000000.0,12375000000.0,24145000000.0,1278000000.0,6366000000.0,51000000.0,27662000000.0,2213000000.0,25453000000.0,24975000000.0,4.37,0.5741,0.261,0.2991,0.27,0.3436,31030000000.0,24145000000.0,4.44,-0.0818,4.4584,-0.0818,4.53,25453000000.0,-444000000.0,25213000000.0,0.3355,0.3739,PFE
2021-12-31 00:00:00,81347000000.0,32754000000.0,48593000000.0,13595000000.0,12559000000.0,19433000000.0,1292000000.0,6778000000.0,41000000.0,24304000000.0,1849000000.0,22459000000.0,21979000000.0,3.86,0.5974,0.2389,0.2988,0.2702,0.3672,25696000000.0,19433000000.0,3.93,-0.08,3.9323,-0.08,4.0,22459000000.0,-434000000.0,22220000000.0,0.3159,0.4005,PFE
2021-09-30 00:00:00,68936000000.0,24787000000.0,44149000000.0,11023000000.0,12194000000.0,17145000000.0,1324000000.0,5068000000.0,44000000.0,21075000000.0,1536000000.0,19543000000.0,19432000000.0,3.38,0.6404,0.2487,0.3057,0.2819,0.4318,22950000000.0,17145000000.0,3.43,-0.0121,3.4812,-0.0021,3.47,19543000000.0,-53000000.0,19499000000.0,0.3329,0.4684,PFE
2021-06-30 00:00:00,55119000000.0,15871000000.0,39248000000.0,9876000000.0,12097000000.0,13446000000.0,1415000000.0,363000000.0,53000000.0,13809000000.0,1520000000.0,12289000000.0,12755000000.0,2.35,0.7121,0.2439,0.2505,0.2314,0.3836,18277000000.0,13446000000.0,2.16,0.0902,2.2924,0.1002,2.18,12289000000.0,520000000.0,12809000000.0,0.3316,0.4273,PFE
2021-03-31 00:00:00,46084000000.0,10701000000.0,35383000000.0,9715000000.0,11833000000.0,9912000000.0,1471000000.0,-25000000.0,,9886000000.0,819000000.0,9067000000.0,10681000000.0,1.97,0.7678,0.2151,0.2145,0.2318,0.2924,14634000000.0,9912000000.0,1.6,0.2902,1.9236,0.3002,1.61,9068000000.0,1649000000.0,10717000000.0,0.3176,0.343,PFE
2020-12-31 00:00:00,41651000000.0,8484000000.0,33167000000.0,9393000000.0,11597000000.0,8250000000.0,1525000000.0,-1213000000.0,74000000.0,7036000000.0,370000000.0,6666000000.0,9159000000.0,1.72,0.7963,0.1981,0.1689,0.2199,0.2732,12931000000.0,8250000000.0,1.18,0.45,1.6553,0.46,1.19,6666000000.0,2529000000.0,9195000000.0,0.3105,0.3458,PFE
2020-09-30 00:00:00,32067000000.0,6216000000.0,25851000000.0,8607000000.0,10474000000.0,2619000000.0,1593000000.0,-4047000000.0,111000000.0,-1432000000.0,-1548000000.0,116000000.0,7729000000.0,1.55,0.8062,0.0817,-0.0447,0.241,0.3303,7321000000.0,2619000000.0,0.02,1.3593,1.4003,1.3693,0.02,117000000.0,7648000000.0,7765000000.0,0.2283,0.3913,PFE
2020-06-30 00:00:00,34470000000.0,6811000000.0,27659000000.0,8590000000.0,11076000000.0,3129000000.0,,5599000000.0,,8725000000.0,1846000000.0,6879000000.0,13940000000.0,2.54,0.8024,0.0908,0.2531,0.4044,0.3758,8176000000.0,3129000000.0,1.22,1.26,2.5203,1.27,1.24,6880000000.0,7092000000.0,13972000000.0,0.2372,0.4342,PFE
2020-03-31 00:00:00,37870000000.0,7561000000.0,30309000000.0,8354000000.0,11928000000.0,5323000000.0,,4518000000.0,,9840000000.0,509000000.0,9331000000.0,15497000000.0,2.84,0.8003,0.1406,0.2598,0.4092,0.3166,10699000000.0,5323000000.0,1.65,2.3283,2.7997,2.3583,1.68,9332000000.0,13517000000.0,15531000000.0,0.2825,0.3703,PFE
2019-12-31 00:00:00,40905000000.0,8054000000.0,32851000000.0,8385000000.0,12726000000.0,6710000000.0,,4610000000.0,,11321000000.0,583000000.0,10738000000.0,16026000000.0,2.91,0.8031,0.164,0.2768,0.3918,0.2475,12465000000.0,6710000000.0,1.89,2.1701,2.8832,2.2002,1.92,10738000000.0,12647000000.0,16056000000.0,0.3047,0.3077,PFE
2019-09-30 00:00:00,40217000000.0,8425000000.0,31792000000.0,8040000000.0,12274000000.0,5621000000.0,,4330000000.0,,9954000000.0,1029000000.0,8925000000.0,16216000000.0,2.9,0.7905,0.1398,0.2475,0.4032,0.2724,11654000000.0,5621000000.0,1.64,1.2306,2.9281,1.2507,1.67,8925000000.0,7332000000.0,16246000000.0,0.2898,0.3371,PFE
2019-06-30 00:00:00,40835000000.0,8517000000.0,32318000000.0,7765000000.0,12508000000.0,6427000000.0,,-3024000000.0,,3404000000.0,-1952000000.0,5356000000.0,12650000000.0,2.22,0.7914,0.1574,0.0834,0.3098,0.2891,12521000000.0,6427000000.0,0.97,,2.2439,,0.99,5356000000.0,,12684000000.0,0.3066,0.3503,PFE
2019-03-31 00:00:00,41037000000.0,8857000000.0,32180000000.0,7720000000.0,12539000000.0,6137000000.0,,-2347000000.0,,3790000000.0,-389000000.0,4179000000.0,11476000000.0,1.97,0.7842,0.1495,0.0924,0.2797,0.3218,12265000000.0,6137000000.0,0.73,,1.9962,,0.74,4179000000.0,,11507000000.0,0.2989,0.3787,PFE
2018-12-31 00:00:00,40825000000.0,8987000000.0,31838000000.0,7760000000.0,12612000000.0,5672000000.0,,-2077000000.0,,3594000000.0,-266000000.0,3860000000.0,11153000000.0,1.88,0.7799,0.1389,0.088,0.2732,0.3354,11822000000.0,5672000000.0,0.64,1.2299,1.9053,1.25,0.65,3861000000.0,7330000000.0,11188000000.0,0.2896,0.3877,PFE
2018-09-30 00:00:00,53373000000.0,11429000000.0,41944000000.0,7863000000.0,15003000000.0,13996000000.0,,-209000000.0,,13785000000.0,-10066000000.0,23851000000.0,23821000000.0,4.01,0.7859,0.2622,0.2583,0.4463,0.2998,20313000000.0,13996000000.0,3.96,0.0019,4.0212,0.002,4.01,23849000000.0,27000000.0,23860000000.0,0.3806,0.3406,PFE
2018-06-30 00:00:00,53243000000.0,11579000000.0,41664000000.0,7720000000.0,15013000000.0,13896000000.0,,-702000000.0,,13193000000.0,-9405000000.0,22598000000.0,22547000000.0,3.79,0.7825,0.261,0.2478,0.4235,0.2929,20165000000.0,13896000000.0,3.74,,3.7999,,3.79,22596000000.0,,22596000000.0,0.3787,0.3345,PFE
2018-03-31 00:00:00,52673000000.0,11323000000.0,41350000000.0,7710000000.0,14901000000.0,13661000000.0,,-1178000000.0,,12481000000.0,-9314000000.0,21795000000.0,21748000000.0,3.65,0.785,0.2594,0.237,0.4129,0.2833,19942000000.0,13661000000.0,3.6,0.0025,3.6552,0.0026,3.65,21794000000.0,17000000.0,21795000000.0,0.3786,0.3266,PFE
2017-12-31 00:00:00,52546000000.0,11228000000.0,41318000000.0,7683000000.0,14804000000.0,13722000000.0,,-1416000000.0,,12305000000.0,-9049000000.0,21354000000.0,21308000000.0,3.57,0.7863,0.2611,0.2342,0.4055,0.276,19991000000.0,13722000000.0,3.52,0.0029,3.577,0.003,3.57,21353000000.0,,21355000000.0,0.3804,0.3198,PFE
2017-09-30 00:00:00,52470000000.0,11184000000.0,41286000000.0,7900000000.0,14678000000.0,13171000000.0,,-1043000000.0,,12127000000.0,2301000000.0,9826000000.0,9809000000.0,1.64,0.7868,0.251,0.2311,0.1869,0.2581,19415000000.0,13171000000.0,1.62,,1.649,,1.65,9829000000.0,,9846000000.0,0.37,0.3002,PFE
2017-06-30 00:00:00,52347000000.0,11425000000.0,40922000000.0,7916000000.0,14733000000.0,12528000000.0,,-2381000000.0,,10146000000.0,1823000000.0,8323000000.0,8324000000.0,1.38,0.7817,0.2393,0.1938,0.159,0.2571,18602000000.0,12528000000.0,1.37,0.0024,1.3921,0.0025,1.39,8326000000.0,15000000.0,8343000000.0,0.3554,0.298,PFE
2017-03-31 00:00:00,52598000000.0,11939000000.0,40659000000.0,7877000000.0,14774000000.0,12264000000.0,,-3524000000.0,,8741000000.0,1431000000.0,7310000000.0,7298000000.0,1.19,0.773,0.2332,0.1662,0.1388,0.2678,18151000000.0,12264000000.0,1.19,,1.2155,,1.21,7311000000.0,,7328000000.0,0.3451,0.3036,PFE
2016-12-31 00:00:00,52824000000.0,12322000000.0,40502000000.0,7892000000.0,14844000000.0,12145000000.0,,-3794000000.0,,8351000000.0,1123000000.0,7228000000.0,7215000000.0,1.17,0.7667,0.2299,0.1581,0.1366,0.2677,17902000000.0,12145000000.0,1.17,0.0034,1.19,0.0035,1.18,7229000000.0,21000000.0,7246000000.0,0.3389,0.3065,PFE
2016-09-30 00:00:00,53244000000.0,12521000000.0,40723000000.0,7709000000.0,15464000000.0,12223000000.0,,-5005000000.0,,7222000000.0,921000000.0,6301000000.0,6268000000.0,1.14,0.7648,0.2296,0.1356,0.1177,0.2464,17855000000.0,12223000000.0,1.01,,1.0317,,1.03,6299000000.0,,6297000000.0,0.3353,0.2826,PFE
2016-06-30 00:00:00,52286000000.0,11655000000.0,40631000000.0,7550000000.0,15175000000.0,12560000000.0,,-4249000000.0,,8315000000.0,1239000000.0,7076000000.0,7043000000.0,1.27,0.7771,0.2402,0.159,0.1347,0.259,18068000000.0,12560000000.0,1.13,0.0012,1.1551,0.0012,1.15,7074000000.0,7000000.0,7081000000.0,0.3456,0.2932,PFE
2016-03-31 00:00:00,50992000000.0,10661000000.0,40331000000.0,7536000000.0,15090000000.0,12678000000.0,,-3236000000.0,,9444000000.0,1797000000.0,7647000000.0,7622000000.0,1.37,0.7909,0.2486,0.1852,0.1495,0.2816,18000000000.0,12678000000.0,1.22,,1.2429,,1.24,7647000000.0,,7653000000.0,0.353,0.3102,PFE
2015-12-31 00:00:00,48851000000.0,9648000000.0,39203000000.0,7690000000.0,14809000000.0,11824000000.0,,-2860000000.0,,8965000000.0,1990000000.0,6975000000.0,6960000000.0,1.26,0.8025,0.242,0.1835,0.1425,0.27,16981000000.0,11824000000.0,1.11,0.0018,1.1311,0.0018,1.13,6975000000.0,11000000.0,6986000000.0,0.3476,0.3007,PFE
2015-09-30 00:00:00,47922000000.0,8939000000.0,38983000000.0,8550000000.0,13741000000.0,12137000000.0,,-1015000000.0,,11121000000.0,2723000000.0,8398000000.0,8360000000.0,1.36,0.8135,0.2533,0.2321,0.1745,0.2955,17201000000.0,12137000000.0,1.33,0.0028,1.3563,0.0028,1.35,8398000000.0,-8000000.0,8392000000.0,0.3589,0.3211,PFE
2015-06-30 00:00:00,48196000000.0,9088000000.0,39108000000.0,8630000000.0,14027000000.0,12461000000.0,,-448000000.0,,12011000000.0,3067000000.0,8944000000.0,8896000000.0,1.43,0.8114,0.2585,0.2492,0.1846,0.2773,17579000000.0,12461000000.0,1.41,0.001,1.4316,0.001,1.43,8944000000.0,-19000000.0,8925000000.0,0.3647,0.3077,PFE
2015-03-31 00:00:00,49116000000.0,9370000000.0,39746000000.0,8655000000.0,14161000000.0,12816000000.0,,-340000000.0,,12475000000.0,3244000000.0,9231000000.0,9182000000.0,1.46,0.8092,0.2609,0.254,0.1869,0.2707,18157000000.0,12816000000.0,1.44,0.0108,1.4625,0.0108,1.46,9230000000.0,53000000.0,9211000000.0,0.3697,0.3019,PFE
2014-12-31 00:00:00,49605000000.0,9577000000.0,40028000000.0,8393000000.0,14097000000.0,13249000000.0,,-1009000000.0,,12240000000.0,3120000000.0,9120000000.0,9135000000.0,1.44,0.8069,0.2671,0.2467,0.1842,0.3125,18786000000.0,13249000000.0,1.41,0.0483,1.4446,0.0483,1.43,9119000000.0,-9000000.0,9168000000.0,0.3787,0.3444,PFE
2014-09-30 00:00:00,50045000000.0,9669000000.0,40376000000.0,6995000000.0,14268000000.0,14145000000.0,,-646000000.0,,13498000000.0,3005000000.0,10493000000.0,10475000000.0,1.64,0.8068,0.2826,0.2697,0.2093,0.3102,19840000000.0,14145000000.0,1.62,0.0495,1.6996,0.0495,1.64,10493000000.0,24000000.0,10505000000.0,0.3964,0.3439,PFE
2014-06-30 00:00:00,50327000000.0,9588000000.0,40739000000.0,6820000000.0,14107000000.0,14447000000.0,,-963000000.0,,13484000000.0,3079000000.0,10405000000.0,10399000000.0,1.61,0.8095,0.2871,0.2679,0.2066,0.3416,20337000000.0,14447000000.0,1.59,,1.6724,,1.61,10405000000.0,,10432000000.0,0.4041,0.3705,PFE
2014-03-31 00:00:00,50527000000.0,9368000000.0,41159000000.0,6591000000.0,14178000000.0,14784000000.0,,54000000.0,,14838000000.0,3779000000.0,11059000000.0,21582000000.0,3.15,0.8146,0.2926,0.2937,0.4271,0.3341,20876000000.0,14784000000.0,1.64,1.53,3.2208,1.55,1.66,11059000000.0,10586000000.0,21645000000.0,0.4132,0.3625,PFE
2013-12-31 00:00:00,51584000000.0,9586000000.0,41998000000.0,6678000000.0,14355000000.0,15184000000.0,,532000000.0,,15716000000.0,4306000000.0,11410000000.0,22003000000.0,3.17,0.8142,0.2944,0.3047,0.4265,0.3144,21594000000.0,15184000000.0,1.65,1.54,3.2396,1.56,1.67,11410000000.0,10662000000.0,22072000000.0,0.4186,0.3428,PFE
2013-09-30 00:00:00,50877000000.0,9183000000.0,41694000000.0,6800000000.0,14250000000.0,14701000000.0,,-225000000.0,,14476000000.0,4389000000.0,10087000000.0,25750000000.0,3.63,0.8195,0.289,0.2845,0.5061,0.3018,21729000000.0,14701000000.0,1.42,2.1717,3.6408,2.2017,1.44,10087000000.0,15732000000.0,25819000000.0,0.4271,0.3323,PFE
2013-06-30 00:00:00,51187000000.0,9205000000.0,41982000000.0,7060000000.0,14346000000.0,14460000000.0,,-751000000.0,,13709000000.0,3221000000.0,10488000000.0,26368000000.0,3.67,0.8202,0.2825,0.2678,0.5151,0.279,21623000000.0,14460000000.0,1.43,2.2,3.6781,2.23,1.45,10488000000.0,15946000000.0,26434000000.0,0.4224,0.3128,PFE
2013-03-31 00:00:00,52182000000.0,9339000000.0,42843000000.0,7130000000.0,14420000000.0,15041000000.0,,-2509000000.0,,12532000000.0,2619000000.0,9913000000.0,15526000000.0,2.11,0.821,0.2882,0.2402,0.2975,0.2875,22249000000.0,15041000000.0,1.33,0.75,2.1071,0.76,1.34,9913000000.0,5647000000.0,15560000000.0,0.4264,0.3119,PFE
2012-12-31 00:00:00,54657000000.0,9821000000.0,44836000000.0,7482000000.0,15171000000.0,15264000000.0,,-4022000000.0,,11242000000.0,2221000000.0,9021000000.0,14570000000.0,1.97,0.8203,0.2793,0.2057,0.2666,0.2821,22919000000.0,15264000000.0,1.2,0.74,1.9616,0.75,1.21,9021000000.0,5577000000.0,14598000000.0,0.4193,0.3064,PFE
