Date,Revenue,Cost of Revenue,Gross Profit,SG&A Expenses,Operating Income,Interest Expense (Operating),Non-operating Income/Expense,Non-operating Interest Expenses,EBT,Income Tax Provision,Income after Tax,Net Income Common,EPS (Basic),Gross Margin,EBIT Margin,EBT margin,Net Profit Margin,Free Cash Flow Margin,EBITDA,EBIT,"EPS (Diluted, from Cont. Ops)","EPS (Diluted, from Disc. Ops)","EPS (Basic, Consolidated)","EPS (Basic, from Discontinued Ops)","EPS (Basic, from Continuous Ops)",Income from Continuous Operations,Income from Discontinued Operations,Consolidated Net Income/Loss,EBITDA Margin,Operating Cash Flow Margin,Ticker
2022-09-30 00:00:00,80461000000.0,42638000000.0,37823000000.0,20094000000.0,17729000000.0,453000000.0,572000000.0,82000000.0,17957000000.0,3327000000.0,14630000000.0,14287000000.0,5.77,0.4701,0.2203,0.2232,0.1776,0.1644,20461000000.0,17729000000.0,5.7965,,6.0994,,6.0994,14630000000.0,,14630000000.0,0.2543,0.2007,PG
2022-06-30 00:00:00,80187000000.0,42157000000.0,38030000000.0,20193000000.0,17813000000.0,439000000.0,421000000.0,51000000.0,17995000000.0,3202000000.0,14793000000.0,14461000000.0,5.81,0.4743,0.2221,0.2244,0.1803,0.1706,20471000000.0,17813000000.0,5.826,,6.1374,,6.1374,14793000000.0,,14793000000.0,0.2553,0.2086,PG
2022-03-31 00:00:00,79618000000.0,41146000000.0,38472000000.0,20693000000.0,17755000000.0,441000000.0,420000000.0,147000000.0,17909000000.0,3266000000.0,14643000000.0,14314000000.0,5.76,0.4832,0.223,0.2249,0.1798,0.1765,20522000000.0,17755000000.0,5.7468,,6.056,,6.056,14643000000.0,,14643000000.0,0.2578,0.2152,PG
2021-12-31 00:00:00,78346000000.0,39742000000.0,38604000000.0,21064000000.0,17516000000.0,438000000.0,363000000.0,244000000.0,17715000000.0,3190000000.0,14525000000.0,14231000000.0,5.73,0.4927,0.2236,0.2261,0.1816,0.1913,20274000000.0,17516000000.0,5.6704,,5.9746,,5.9746,14525000000.0,,14525000000.0,0.2588,0.2294,PG
2021-09-30 00:00:00,77138000000.0,38331000000.0,38807000000.0,21055000000.0,17728000000.0,475000000.0,-253000000.0,377000000.0,17353000000.0,3183000000.0,14170000000.0,13866000000.0,5.6,0.5031,0.2298,0.225,0.1798,0.199,20527000000.0,17728000000.0,5.4893,,5.7869,,5.7869,14170000000.0,,14170000000.0,0.2661,0.2369,PG
2021-06-30 00:00:00,76118000000.0,37108000000.0,39010000000.0,21024000000.0,17986000000.0,502000000.0,-371000000.0,502000000.0,17615000000.0,3263000000.0,14352000000.0,14035000000.0,5.68,0.5125,0.2363,0.2314,0.1844,0.2053,20721000000.0,17986000000.0,5.5179,,5.8204,,5.8204,14352000000.0,,14352000000.0,0.2722,0.2413,PG
2021-03-31 00:00:00,74870000000.0,36259000000.0,38611000000.0,20684000000.0,17927000000.0,542000000.0,-415000000.0,542000000.0,17512000000.0,3282000000.0,14230000000.0,13933000000.0,5.62,0.5157,0.2394,0.2339,0.1861,0.2186,20766000000.0,17927000000.0,5.4507,,5.7487,,5.7487,14230000000.0,,14230000000.0,0.2774,0.2545,PG
2020-12-31 00:00:00,73975000000.0,36053000000.0,37922000000.0,20327000000.0,17595000000.0,536000000.0,-462000000.0,536000000.0,17133000000.0,3195000000.0,13938000000.0,13582000000.0,5.47,0.5126,0.2379,0.2316,0.1836,0.2201,20550000000.0,17595000000.0,5.3279,,5.6217,,5.6217,13938000000.0,,13938000000.0,0.2778,0.2573,PG
2020-09-30 00:00:00,72470000000.0,35669000000.0,36801000000.0,20104000000.0,16697000000.0,493000000.0,91000000.0,493000000.0,16788000000.0,2994000000.0,13794000000.0,13447000000.0,5.41,0.5078,0.2304,0.2317,0.1856,0.2094,19658000000.0,16697000000.0,5.2648,,5.5567,,5.5567,13794000000.0,,13794000000.0,0.2713,0.248,PG
2020-06-30 00:00:00,70950000000.0,35250000000.0,35700000000.0,19994000000.0,15706000000.0,,128000000.0,465000000.0,15834000000.0,2731000000.0,13103000000.0,12764000000.0,5.13,0.5032,0.2214,0.2232,0.1799,0.2024,18719000000.0,15706000000.0,4.99,,5.2684,,5.2684,13103000000.0,,13103000000.0,0.2638,0.2453,PG
2020-03-31 00:00:00,70346000000.0,35246000000.0,35100000000.0,19722000000.0,7033000000.0,,275000000.0,419000000.0,7308000000.0,2228000000.0,5080000000.0,4725000000.0,1.91,0.499,0.1,0.1039,0.0672,0.1979,10052000000.0,7033000000.0,1.9747,,2.0483,,2.0483,5080000000.0,,5080000000.0,0.1429,0.2381,PG
2019-12-31 00:00:00,69594000000.0,34957000000.0,34637000000.0,19483000000.0,6809000000.0,,279000000.0,450000000.0,7088000000.0,2189000000.0,4899000000.0,4553000000.0,1.83,0.4977,0.0978,0.1018,0.0654,0.1917,9740000000.0,6809000000.0,1.8956,,1.9605,,1.9605,4899000000.0,,4899000000.0,0.14,0.2328,PG
2019-09-30 00:00:00,68792000000.0,35007000000.0,33785000000.0,19217000000.0,6223000000.0,,249000000.0,488000000.0,6472000000.0,2100000000.0,4372000000.0,4029000000.0,1.61,0.4911,0.0905,0.0941,0.0586,0.1874,9127000000.0,6223000000.0,1.6986,,1.7421,,1.7421,4372000000.0,,4372000000.0,0.1327,0.2303,PG
2019-06-30 00:00:00,67684000000.0,34768000000.0,32916000000.0,19084000000.0,5487000000.0,,582000000.0,509000000.0,6069000000.0,2103000000.0,3966000000.0,3634000000.0,1.46,0.4863,0.0811,0.0897,0.0537,0.1816,8311000000.0,5487000000.0,1.5617,,1.5842,,1.5842,3966000000.0,,3966000000.0,0.1228,0.2252,PG
2019-03-31 00:00:00,67093000000.0,34900000000.0,32193000000.0,18927000000.0,13266000000.0,,157000000.0,534000000.0,13423000000.0,2330000000.0,11093000000.0,10767000000.0,4.31,0.4798,0.1977,0.2001,0.1605,0.1773,16020000000.0,13266000000.0,4.2335,,4.4355,,4.4355,11093000000.0,,11093000000.0,0.2388,0.2279,PG
2018-12-31 00:00:00,66912000000.0,34857000000.0,32055000000.0,18809000000.0,13246000000.0,,152000000.0,536000000.0,13398000000.0,2541000000.0,10857000000.0,10523000000.0,4.21,0.4791,0.198,0.2002,0.1573,0.1736,16005000000.0,13246000000.0,4.1412,,4.336,,4.336,10857000000.0,,10857000000.0,0.2392,0.2261,PG
2018-09-30 00:00:00,66869000000.0,34647000000.0,32222000000.0,18953000000.0,13269000000.0,,246000000.0,520000000.0,13515000000.0,3313000000.0,10202000000.0,9827000000.0,3.92,0.4819,0.1984,0.2021,0.147,0.1689,16054000000.0,13269000000.0,3.8744,,4.0601,,4.0601,10202000000.0,,10202000000.0,0.2401,0.2214,PG
2018-06-30 00:00:00,66832000000.0,34432000000.0,32400000000.0,19037000000.0,13363000000.0,,-37000000.0,506000000.0,13326000000.0,3465000000.0,9861000000.0,9485000000.0,3.75,0.4848,0.1999,0.1994,0.1419,0.1709,16197000000.0,13363000000.0,3.7118,,3.8988,,3.8988,9861000000.0,,9861000000.0,0.2424,0.2225,PG
2018-03-31 00:00:00,66408000000.0,33764000000.0,32644000000.0,19108000000.0,13536000000.0,,428000000.0,486000000.0,13964000000.0,3791000000.0,10173000000.0,9813000000.0,3.86,0.4916,0.2038,0.2103,0.1478,0.1626,16340000000.0,13536000000.0,3.8161,,4.0057,,3.9829,10173000000.0,,10173000000.0,0.2461,0.2162,PG
2017-12-31 00:00:00,65732000000.0,33216000000.0,32516000000.0,18829000000.0,13687000000.0,,360000000.0,449000000.0,14047000000.0,3858000000.0,10189000000.0,9838000000.0,3.85,0.4947,0.2082,0.2137,0.1497,0.1625,16440000000.0,13687000000.0,3.786,,3.996,,3.936,10189000000.0,,10189000000.0,0.2501,0.2136,PG
2017-09-30 00:00:00,65193000000.0,32805000000.0,32388000000.0,18745000000.0,13643000000.0,,-373000000.0,449000000.0,13270000000.0,3081000000.0,10189000000.0,15219000000.0,5.9,0.4968,0.2093,0.2035,0.2334,0.1539,16427000000.0,13643000000.0,3.7567,,6.0262,,3.8853,10189000000.0,,15524000000.0,0.252,0.2049,PG
2017-06-30 00:00:00,65058000000.0,32638000000.0,32420000000.0,18654000000.0,13766000000.0,,-509000000.0,465000000.0,13257000000.0,3063000000.0,10194000000.0,15079000000.0,5.8,0.4983,0.2116,0.2038,0.2318,0.1528,16586000000.0,13766000000.0,3.69,1.88,5.9317,1.98,3.79,10194000000.0,,15411000000.0,0.2549,0.196,PG
2017-03-31 00:00:00,65081000000.0,32618000000.0,32463000000.0,18955000000.0,13508000000.0,,-492000000.0,499000000.0,13016000000.0,3016000000.0,10000000000.0,14815000000.0,5.67,0.4988,0.2076,0.2,0.2276,0.16,16447000000.0,13508000000.0,3.57,,5.8069,,3.69,10000000000.0,,15167000000.0,0.2527,0.2029,PG
2016-12-31 00:00:00,65231000000.0,32697000000.0,32534000000.0,19068000000.0,13466000000.0,,-560000000.0,549000000.0,12906000000.0,3125000000.0,9781000000.0,15040000000.0,5.71,0.4988,0.2064,0.1979,0.2306,0.1618,16525000000.0,13466000000.0,3.45,2.05,5.8448,2.15,3.56,9781000000.0,5613000000.0,15394000000.0,0.2533,0.2061,PG
2016-09-30 00:00:00,65290000000.0,32859000000.0,32431000000.0,18987000000.0,13444000000.0,,9000000.0,570000000.0,13453000000.0,3328000000.0,10125000000.0,10368000000.0,3.86,0.4967,0.2059,0.206,0.1588,0.1843,16519000000.0,13444000000.0,3.53,0.21,3.9911,0.22,3.64,10125000000.0,601000000.0,10726000000.0,0.253,0.2285,PG
2016-06-30 00:00:00,65299000000.0,32909000000.0,32390000000.0,18949000000.0,13441000000.0,,-72000000.0,579000000.0,13369000000.0,3342000000.0,10027000000.0,10253000000.0,3.8,0.496,0.2058,0.2047,0.157,0.1922,16519000000.0,13441000000.0,3.49,0.2,3.929,0.21,3.59,10027000000.0,577000000.0,10604000000.0,0.253,0.2364,PG
2016-03-31 00:00:00,66987000000.0,33784000000.0,33203000000.0,19306000000.0,11869000000.0,,83000000.0,576000000.0,11952000000.0,3293000000.0,8659000000.0,8886000000.0,3.26,0.4957,0.1772,0.1784,0.1327,0.1923,14916000000.0,11869000000.0,3.0,0.18,3.3665,0.2,3.06,8659000000.0,525000000.0,9184000000.0,0.2227,0.2282,PG
2015-12-31 00:00:00,68162000000.0,34796000000.0,33366000000.0,19762000000.0,11576000000.0,,118000000.0,578000000.0,11694000000.0,2971000000.0,8723000000.0,8352000000.0,3.03,0.4895,0.1698,0.1716,0.1225,0.1932,14624000000.0,11576000000.0,3.01,-0.05,3.1383,-0.05,3.08,8723000000.0,-134000000.0,8589000000.0,0.2145,0.2283,PG
2015-09-30 00:00:00,69742000000.0,35894000000.0,33848000000.0,20518000000.0,11302000000.0,,61000000.0,595000000.0,11363000000.0,2871000000.0,8492000000.0,7512000000.0,2.72,0.4853,0.1621,0.1629,0.1077,0.1813,14373000000.0,11302000000.0,2.92,-0.26,2.8374,-0.27,2.99,8492000000.0,-733000000.0,7759000000.0,0.2061,0.2081,PG
2015-06-30 00:00:00,71986000000.0,37476000000.0,34510000000.0,21315000000.0,11167000000.0,,49000000.0,625000000.0,11216000000.0,2785000000.0,8431000000.0,6906000000.0,2.5,0.4794,0.1551,0.1558,0.0959,0.2135,14301000000.0,11167000000.0,2.89,-0.45,2.6139,-0.48,2.98,8431000000.0,-1287000000.0,7144000000.0,0.1987,0.2029,PG
2015-03-31 00:00:00,67027000000.0,36161000000.0,30866000000.0,18447000000.0,12419000000.0,,-301000000.0,657000000.0,12118000000.0,2536000000.0,9582000000.0,8893000000.0,3.25,0.4605,0.1853,0.1808,0.1327,0.2335,15569000000.0,12419000000.0,3.28,-0.13,3.4054,-0.14,3.39,9582000000.0,-356000000.0,9226000000.0,0.2323,0.2257,PG
2014-12-31 00:00:00,69738000000.0,37274000000.0,32464000000.0,19764000000.0,12700000000.0,,-375000000.0,689000000.0,12325000000.0,2613000000.0,9712000000.0,9292000000.0,3.42,0.4655,0.1821,0.1767,0.1332,0.2304,15855000000.0,12700000000.0,3.33,-0.03,3.5701,-0.02,3.44,9712000000.0,-38000000.0,9674000000.0,0.2274,0.2249,PG
2014-09-30 00:00:00,72342000000.0,38190000000.0,34152000000.0,20729000000.0,13423000000.0,,-388000000.0,714000000.0,13035000000.0,2700000000.0,10335000000.0,10351000000.0,3.81,0.4721,0.1855,0.1802,0.1431,0.2092,16587000000.0,13423000000.0,3.53,0.13,3.9606,0.14,3.67,10335000000.0,413000000.0,10748000000.0,0.2293,0.2149,PG
2014-06-30 00:00:00,74401000000.0,39030000000.0,35371000000.0,21461000000.0,13910000000.0,,-401000000.0,709000000.0,13509000000.0,2851000000.0,10658000000.0,11390000000.0,4.14,0.4754,0.187,0.1816,0.1531,0.1436,17051000000.0,13910000000.0,3.63,0.38,4.3331,0.41,3.78,10658000000.0,1127000000.0,11785000000.0,0.2292,0.1876,PG
2014-03-31 00:00:00,81867000000.0,41665000000.0,40202000000.0,25515000000.0,14379000000.0,,-512000000.0,693000000.0,13867000000.0,3107000000.0,10760000000.0,10757000000.0,3.88,0.4911,0.1756,0.1694,0.1314,0.1191,17490000000.0,14379000000.0,3.66,0.0963,4.0286,0.1061,3.82,10760000000.0,287000000.0,11047000000.0,0.2136,0.1691,PG
2013-12-31 00:00:00,82824000000.0,41969000000.0,40855000000.0,26069000000.0,14478000000.0,,-498000000.0,676000000.0,13980000000.0,3160000000.0,10820000000.0,10717000000.0,3.86,0.4933,0.1748,0.1688,0.1294,0.1157,17538000000.0,14478000000.0,3.6741,0.6263,4.0021,0.6661,3.8651,10820000000.0,1803000000.0,11002000000.0,0.2118,0.1642,PG
2013-09-30 00:00:00,83900000000.0,42375000000.0,41525000000.0,26549000000.0,14668000000.0,,348000000.0,660000000.0,15016000000.0,3417000000.0,11599000000.0,11348000000.0,4.08,0.4949,0.1748,0.179,0.1353,0.128,17711000000.0,14668000000.0,3.9504,0.5763,4.2155,0.6161,4.1753,11599000000.0,1662000000.0,11606000000.0,0.2111,0.1686,PG
2013-06-30 00:00:00,83809000000.0,42151000000.0,41658000000.0,26851000000.0,14499000000.0,,362000000.0,667000000.0,14861000000.0,3448000000.0,11413000000.0,11136000000.0,4.04,0.4971,0.173,0.1773,0.1329,0.1366,17481000000.0,14499000000.0,3.8936,0.5763,4.1358,0.6161,4.1333,11413000000.0,1685000000.0,11402000000.0,0.2086,0.1775,PG
2013-03-31 00:00:00,82050000000.0,41091000000.0,40959000000.0,26305000000.0,14654000000.0,,326000000.0,686000000.0,14980000000.0,3414000000.0,11566000000.0,12636000000.0,4.67,0.4992,0.1786,0.1826,0.154,0.1693,17619000000.0,14654000000.0,3.9336,,4.8074,,4.1733,11566000000.0,,13187000000.0,0.2147,0.1762,PG
2012-12-31 00:00:00,81646000000.0,40984000000.0,40662000000.0,26092000000.0,14548000000.0,,331000000.0,702000000.0,14879000000.0,3471000000.0,11408000000.0,12535000000.0,4.6,0.498,0.1782,0.1822,0.1535,0.2177,17744000000.0,14548000000.0,3.8595,,4.7608,,4.0682,11408000000.0,,13063000000.0,0.2173,0.2438,PG
