Date,Revenue,Cost of Revenue,Gross Profit,SG&A Expenses,Operating Income,Interest Expense (Operating),Non-operating Income/Expense,Non-operating Interest Expenses,EBT,Income Tax Provision,Income after Tax,Net Income Common,EPS (Basic),Gross Margin,EBIT Margin,EBT margin,Net Profit Margin,Free Cash Flow Margin,EBITDA,EBIT,"EPS (Diluted, from Cont. Ops)","EPS (Basic, Consolidated)","EPS (Basic, from Continuous Ops)",Income from Continuous Operations,Consolidated Net Income/Loss,EBITDA Margin,Operating Cash Flow Margin,Ticker
2022-09-30 00:00:00,8542700000.0,6392500000.0,2150199900.0,604000000.0,1488300200.0,,-119500000.0,135200000.0,1368799900.0,334000000.0,1034799900.0,1028400000.0,11.03,0.2517,0.1742,0.1602,0.1204,0.0769,1936600200.0,1488300500.0,11.0709,11.1221,11.1221,1034799900.0,1034800000.0,0.2267,0.1716,PKG
2022-06-30 00:00:00,8416900000.0,6274400000.0,2142500000.0,603300000.0,1480800200.0,,-125500000.0,142600000.0,1355299900.0,332300000.0,1022999900.0,1016600000.0,10.86,0.2545,0.1759,0.161,0.1208,0.064,1920900200.0,1480800500.0,10.9017,10.9519,10.9519,1022999900.0,1023000000.0,0.2282,0.1567,PKG
2022-03-31 00:00:00,8059500000.0,6057000000.0,2002500000.0,592900000.0,1359600200.0,149000000.0,-130200000.0,148700000.0,1229399900.0,300600000.0,928799900.0,922400000.0,9.82,0.2485,0.1687,0.1525,0.1144,0.0623,1790200200.0,1359600500.0,9.8649,9.9071,9.9071,928799900.0,928800000.0,0.2221,0.1523,PKG
2021-12-31 00:00:00,7730300000.0,5857300000.0,1873000000.0,576800000.0,1241400100.0,153000000.0,-132700000.0,152400000.0,1108699900.0,267600000.0,841099900.0,834700000.0,8.86,0.2423,0.1606,0.1434,0.108,0.0643,1663300100.0,1241400400.0,8.9004,8.9383,8.9383,841099900.0,841100000.0,0.2152,0.1415,PKG
2021-09-30 00:00:00,7401400000.0,5705000000.0,1696400200.0,566100000.0,1074899600.0,97000000.0,-81400000.0,96700000.0,993500000.0,245500000.0,748000000.0,745400000.0,7.87,0.2292,0.1452,0.1342,0.1007,0.0599,1489599600.0,1074899900.0,7.9068,7.9368,7.9368,748000000.0,748000000.0,0.2013,0.1317,PKG
2021-06-30 00:00:00,7095000000.0,5563900000.0,1531100100.0,548700000.0,931599600.0,97000000.0,-86300000.0,97200000.0,845300000.0,208900000.0,636400000.0,632800000.0,6.7,0.2158,0.1313,0.1191,0.0892,0.0712,1341099600.0,931599900.0,6.7315,6.7549,6.7549,636400000.0,636400000.0,0.189,0.1394,PKG
2021-03-31 00:00:00,6756700000.0,5348600000.0,1408100000.0,538700000.0,753099600.0,97000000.0,-90900000.0,97400000.0,662200000.0,176400000.0,485800000.0,482200000.0,5.12,0.2084,0.1115,0.098,0.0714,0.0825,1221399600.0,753099900.0,5.1408,5.1575,5.1575,485800000.0,485800000.0,0.1808,0.1462,PKG
2020-12-31 00:00:00,6658200000.0,5288800000.0,1369400000.0,539600000.0,723899700.0,93000000.0,-91200000.0,93500000.0,632700000.0,171700000.0,461000000.0,457400000.0,4.87,0.2057,0.1087,0.095,0.0687,0.0925,1191599700.0,723900000.0,4.8835,4.8991,4.8991,461000000.0,461000000.0,0.179,0.1551,PKG
2020-09-30 00:00:00,6664000000.0,5244500000.0,1419499800.0,546300000.0,769799500.0,,-130000000.0,129800000.0,639800000.0,166100000.0,473700000.0,467500000.0,5.01,0.213,0.1155,0.096,0.0702,0.1064,1251699500.0,769799800.0,5.0224,5.0408,5.0408,473700000.0,473700000.0,0.1878,0.1637,PKG
2020-06-30 00:00:00,6721000000.0,5235500000.0,1485499800.0,556100000.0,823099500.0,,-129700000.0,127000000.0,693400000.0,179000000.0,514400000.0,509200000.0,5.44,0.221,0.1225,0.1032,0.0758,0.1131,1303999500.0,823099800.0,5.4571,5.479,5.479,514400000.0,514400000.0,0.194,0.1685,PKG
2020-03-31 00:00:00,6939300000.0,5351700000.0,1587599900.0,563500000.0,987399500.0,,-129600000.0,124300000.0,857800000.0,206500000.0,651300000.0,646100000.0,6.89,0.2288,0.1423,0.1236,0.0931,0.1183,1402199500.0,987399800.0,6.9161,6.9398,6.9398,651300000.0,651300000.0,0.2021,0.1741,PKG
2019-12-31 00:00:00,6964300000.0,5320300000.0,1643999800.0,557600000.0,1053699400.0,,-136700000.0,128800000.0,917000000.0,220600000.0,696400000.0,691200000.0,7.37,0.2361,0.1513,0.1317,0.0992,0.1166,1464599400.0,1053699700.0,7.4006,7.4243,7.4243,696400000.0,696400000.0,0.2103,0.1734,PKG
2019-09-30 00:00:00,6990900000.0,5304800000.0,1686100300.0,550200000.0,1105300000.0,,-96200000.0,89700000.0,1009100000.0,244300000.0,764800000.0,761600000.0,8.1,0.2412,0.1581,0.1443,0.1089,0.1166,1499800000.0,1105300000.0,8.131,8.1522,8.1522,764800000.0,764800000.0,0.2145,0.1751,PKG
2019-06-30 00:00:00,7050100000.0,5332200000.0,1717900500.0,547500000.0,1141000200.0,,-97100000.0,92000000.0,1043900000.0,252200000.0,791700000.0,788500000.0,8.39,0.2437,0.1618,0.1481,0.1118,0.1048,1538900200.0,1141000200.0,8.4232,8.4434,8.4434,791700000.0,791700000.0,0.2183,0.1681,PKG
2019-03-31 00:00:00,7057700000.0,5347100000.0,1710600500.0,541500000.0,1130200200.0,,-97000000.0,93400000.0,1033200000.0,248500000.0,784700000.0,780100000.0,8.32,0.2424,0.1601,0.1464,0.1105,0.0982,1536300200.0,1130200200.0,8.3529,8.373,8.373,784700000.0,784700000.0,0.2177,0.172,PKG
2018-12-31 00:00:00,7014600000.0,5369300000.0,1645300600.0,536400000.0,1067700200.0,,-97200000.0,95100000.0,970500000.0,232500000.0,738000000.0,732300000.0,7.82,0.2346,0.1522,0.1384,0.1044,0.0898,1487200200.0,1067700200.0,7.8593,7.8762,7.8762,738000000.0,738000000.0,0.212,0.1682,PKG
2018-09-30 00:00:00,6952300000.0,5361100000.0,1591199900.0,539700000.0,1033399900.0,,-103400000.0,100600000.0,929999900.0,127700000.0,802300000.0,797500000.0,8.5,0.2289,0.1486,0.1338,0.1147,0.0861,1465199900.0,1033400000.0,8.5502,8.5709,8.5709,802300000.0,802300000.0,0.2108,0.1593,PKG
2018-06-30 00:00:00,6782500000.0,5237500000.0,1544999800.0,535100000.0,977499800.0,,-104700000.0,102400000.0,872799900.0,138100000.0,734700000.0,728800000.0,7.78,0.2278,0.1441,0.1287,0.1075,0.0797,1405299800.0,977499900.0,7.8342,7.851,7.851,734700000.0,734700000.0,0.2072,0.148,PKG
2018-03-31 00:00:00,6599000000.0,5110300000.0,1488699800.0,527000000.0,941999900.0,,-105900000.0,104100000.0,836099900.0,144800000.0,691300000.0,685600000.0,7.32,0.2256,0.1427,0.1267,0.1039,0.0782,1359299900.0,942000000.0,7.3748,7.3906,7.3906,691300000.0,691300000.0,0.206,0.1356,PKG
2017-12-31 00:00:00,6444900000.0,4974100000.0,1470799800.0,519900000.0,932499900.0,,-103900000.0,102600000.0,828599900.0,160000000.0,668600000.0,663000000.0,7.09,0.2282,0.1447,0.1286,0.1029,0.0822,1333899900.0,932500000.0,7.1355,7.1508,7.1508,668600000.0,668600000.0,0.207,0.1328,PKG
2017-09-30 00:00:00,6237200000.0,4810200000.0,1427000200.0,509500000.0,876000800.0,,-102800000.0,102800000.0,773200000.0,262800000.0,510400000.0,506100000.0,5.41,0.2288,0.1404,0.124,0.0811,0.0784,1261400800.0,876000400.0,5.4477,5.462,5.462,510400000.0,510400000.0,0.2022,0.1277,PKG
2017-06-30 00:00:00,6081100000.0,4721600000.0,1359500200.0,496800000.0,839800800.0,,-100500000.0,100500000.0,739300000.0,248700000.0,490600000.0,486300000.0,5.2,0.2236,0.1381,0.1216,0.08,0.0867,1215700800.0,839800400.0,5.2394,5.2532,5.2532,490600000.0,490600000.0,0.1999,0.1342,PKG
2017-03-31 00:00:00,5914500000.0,4599200000.0,1315300200.0,482000000.0,805900700.0,,-97500000.0,97500000.0,708400000.0,245100000.0,463300000.0,459000000.0,4.91,0.2224,0.1363,0.1198,0.0776,0.085,1175600700.0,805900300.0,4.9517,4.9636,4.9636,463300000.0,463300000.0,0.1988,0.1319,PKG
2016-12-31 00:00:00,5779000000.0,4502900000.0,1276100200.0,468500000.0,783300700.0,,-94800000.0,94800000.0,688500000.0,238900000.0,449600000.0,445200000.0,4.75,0.2208,0.1355,0.1191,0.077,0.0922,1149100700.0,783300300.0,4.7982,4.8086,4.8086,449600000.0,449600000.0,0.1988,0.1396,PKG
2016-09-30 00:00:00,5693300000.0,4459700000.0,1233600200.0,451400000.0,763299900.0,,-89900000.0,89900000.0,673400000.0,230300000.0,443100000.0,438600000.0,4.65,0.2167,0.1341,0.1183,0.077,0.0903,1123999900.0,763299700.0,4.7011,4.7075,4.7075,443100000.0,443100000.0,0.1974,0.144,PKG
2016-06-30 00:00:00,5680100000.0,4447700000.0,1232400200.0,447200000.0,776300000.0,,-88200000.0,88200000.0,688100000.0,236500000.0,451600000.0,446700000.0,4.7,0.217,0.1367,0.1211,0.0786,0.0964,1136700000.0,776299800.0,4.7495,4.7546,4.7546,451600000.0,451600000.0,0.2001,0.1479,PKG
2016-03-31 00:00:00,5717000000.0,4487000000.0,1230000300.0,448300000.0,773700100.0,,-87900000.0,87900000.0,685800000.0,236100000.0,449700000.0,444600000.0,4.63,0.2151,0.1353,0.12,0.0778,0.0946,1133300100.0,773699900.0,4.6838,4.6887,4.6887,449700000.0,449700000.0,0.1982,0.1489,PKG
2015-12-31 00:00:00,5741700000.0,4533700000.0,1208000300.0,451300000.0,750000200.0,,-85500000.0,85500000.0,664500000.0,227700000.0,436800000.0,431600000.0,4.46,0.2104,0.1306,0.1157,0.0752,0.0793,1114300200.0,750000000.0,4.5172,4.5218,4.5218,436800000.0,436800000.0,0.1941,0.1339,PKG
2015-09-30 00:00:00,5784800000.0,4564800000.0,1220000500.0,456400000.0,747300500.0,,-86200000.0,86200000.0,661100000.0,230000000.0,431100000.0,425700000.0,4.39,0.2109,0.1292,0.1143,0.0736,0.0624,1115300500.0,747300300.0,4.4442,4.4508,4.4508,431100000.0,431100000.0,0.1928,0.1247,PKG
2015-06-30 00:00:00,5832900000.0,4620900000.0,1212000500.0,463300000.0,716300400.0,,-87600000.0,87600000.0,628700000.0,221000000.0,407700000.0,402400000.0,4.14,0.2078,0.1228,0.1078,0.069,0.0502,1102000400.0,716300200.0,4.1953,4.2016,4.2016,407700000.0,407700000.0,0.1889,0.1211,PKG
2015-03-31 00:00:00,5847000000.0,4641900000.0,1205100400.0,470300000.0,698900400.0,,-86800000.0,86800000.0,612100000.0,218800000.0,393300000.0,387800000.0,3.99,0.2061,0.1195,0.1047,0.0663,0.0462,1099000400.0,698900200.0,4.0467,4.0518,4.0518,393300000.0,393300000.0,0.188,0.1189,PKG
2014-12-31 00:00:00,5852600000.0,4623100000.0,1229500400.0,469500000.0,702700400.0,,-88400000.0,88400000.0,614300000.0,221700000.0,392600000.0,386900000.0,3.99,0.2101,0.1201,0.105,0.0661,0.054,1093500400.0,702700200.0,4.0433,4.0475,4.0475,392600000.0,392600000.0,0.1868,0.1258,PKG
2014-09-30 00:00:00,5683023000.0,4491118000.0,1191905100.0,458994000.0,652421000.0,,-93267000.0,93267000.0,559154000.0,36982000.0,522172000.0,517772000.0,5.34,0.2097,0.1148,0.0984,0.0911,0.0679,1029409000.0,652421000.0,5.3723,5.3939,5.3939,522172000.0,522172000.0,0.1811,0.131,PKG
2014-06-30 00:00:00,5009563000.0,3910359000.0,1099204100.0,416490000.0,606803000.0,,-82017000.0,82017000.0,524786000.0,22332000.0,502454000.0,499454000.0,5.15,0.2194,0.1211,0.1048,0.0997,0.0714,924824000.0,606803000.0,5.1659,5.1939,5.1939,502454000.0,502454000.0,0.1846,0.1316,PKG
2014-03-31 00:00:00,4341393000.0,3357739000.0,983654100.0,367815000.0,536799900.0,,-69849000.0,69849000.0,466951000.0,-2155000.0,469106000.0,467706000.0,4.81,0.2266,0.1236,0.1076,0.1077,0.093,796403900.0,536799900.0,4.8175,4.853,4.853,469106000.0,469106000.0,0.1834,0.1524,PKG
2013-12-31 00:00:00,3665300000.0,2797800000.0,867500100.0,326600000.0,481899900.0,,-58300000.0,58300000.0,423600000.0,-17700000.0,441300000.0,441300000.0,4.52,0.2367,0.1315,0.1156,0.1204,0.102,699799900.0,481899900.0,4.5262,4.5683,4.5683,441300000.0,441300000.0,0.1909,0.1659,PKG
2013-09-30 00:00:00,3137478700.0,2360362900.0,777115800.0,299453000.0,451538800.0,,-39704000.0,39704000.0,411835000.0,141196000.0,270639000.0,270639000.0,2.8,0.2477,0.1439,0.1313,0.0863,0.13,633870700.0,451538800.0,2.7749,2.8034,2.8034,270639000.0,270639000.0,0.202,0.1825,PKG
2013-06-30 00:00:00,3015511700.0,2303442900.0,712068800.0,290876000.0,400828800.0,,-58444000.0,58444000.0,342385000.0,116637000.0,225748000.0,225748000.0,2.34,0.2361,0.1329,0.1135,0.0749,0.1317,577157700.0,400828800.0,2.3159,2.3411,2.3411,225748000.0,225748000.0,0.1914,0.1781,PKG
2013-03-31 00:00:00,2927749700.0,2252822900.0,674926800.0,287255000.0,374489800.0,,-62468000.0,62468000.0,312022000.0,107372000.0,204650000.0,204650000.0,2.14,0.2305,0.1279,0.1066,0.0699,0.1175,551813700.0,374489800.0,2.0999,2.1232,2.1232,204650000.0,204650000.0,0.1885,0.1588,PKG
2012-12-31 00:00:00,2843899700.0,2209199900.0,634699800.0,280800000.0,437599800.0,,-62900000.0,62900000.0,374700000.0,214500000.0,160200000.0,160200000.0,1.69,0.2232,0.1539,0.1318,0.0563,0.0969,612999700.0,437599800.0,1.643,1.6618,1.6618,160200000.0,160200000.0,0.2155,0.1421,PKG
