Date,Revenue,Cost of Revenue,Gross Profit,SG&A Expenses,Operating Income,EBT,Income Tax Provision,Income after Tax,Net Income Common,EPS (Basic),Gross Margin,EBIT Margin,EBT margin,Net Profit Margin,Free Cash Flow Margin,"EPS (Diluted, from Cont. Ops)","EPS (Diluted, from Disc. Ops)","EPS (Basic, Consolidated)","EPS (Basic, from Discontinued Ops)","EPS (Basic, from Continuous Ops)",Income from Continuous Operations,Income from Discontinued Operations,Consolidated Net Income/Loss,EBITDA Margin,Operating Cash Flow Margin,Ticker
2022-09-30 00:00:00,19458000000.0,1110000000.0,20484000000.0,13229000000.0,7255000000.0,7255000000.0,1384000000.0,5871000000.0,5521000000.0,13.26,1.0527,0.0,0.3729,0.2837,0.4085,13.3487,,14.0877,,13.3587,5871000000.0,,5844000000.0,0.0,0.4085,PNC
2022-06-30 00:00:00,19476000000.0,572000000.0,20132000000.0,13092000000.0,7040000000.0,7040000000.0,1319000000.0,5721000000.0,5379000000.0,12.79,1.0337,0.0,0.3615,0.2762,0.3664,12.8464,,13.5854,,12.8564,5721000000.0,,5694000000.0,0.0,0.3664,PNC
2022-03-31 00:00:00,19324000000.0,462000000.0,19683000000.0,13164000000.0,6519000000.0,6519000000.0,1191000000.0,5328000000.0,5014000000.0,11.83,1.0186,0.0,0.3374,0.2595,0.3091,11.816,,12.555,,11.826,5328000000.0,,5308000000.0,0.0,0.3091,PNC
2021-12-31 00:00:00,19393000000.0,487000000.0,19211000000.0,12223000000.0,6988000000.0,6988000000.0,1263000000.0,5725000000.0,5417000000.0,12.71,0.9906,0.0,0.3603,0.2793,0.3795,12.7,,13.439,,12.71,5725000000.0,,5711000000.0,0.0,0.3795,PNC
2021-09-30 00:00:00,18752000000.0,526000000.0,18292000000.0,11213000000.0,7079000000.0,7079000000.0,1204000000.0,5875000000.0,1028000000.0,13.11,0.9755,0.0,0.3775,0.0548,0.3196,13.6472,,13.7585,,13.6472,5875000000.0,,5867000000.0,0.0,0.3196,PNC
2021-06-30 00:00:00,17975000000.0,599000000.0,17376000000.0,10412000000.0,6964000000.0,6964000000.0,1047000000.0,5917000000.0,1075000000.0,13.2,0.9667,0.0,0.3874,0.0598,0.2516,13.5395,,13.857,,13.5495,5917000000.0,,5917000000.0,0.0,0.2516,PNC
2021-03-31 00:00:00,17592000000.0,807000000.0,16785000000.0,12038000000.0,4747000000.0,4747000000.0,677000000.0,4070000000.0,3630000000.0,19.17,0.9541,0.0,0.2698,0.2063,0.3487,9.0564,,19.8537,,9.0664,4070000000.0,,8469000000.0,0.0,0.3487,PNC
2020-12-31 00:00:00,18262000000.0,1361000000.0,16901000000.0,13472000000.0,3429000000.0,3429000000.0,426000000.0,3003000000.0,2716000000.0,17.02,0.9255,0.0,0.1878,0.1487,0.2551,6.36,11.54,17.7002,11.56,6.37,3003000000.0,5138000000.0,7558000000.0,0.0,0.2551,PNC
2020-09-30 00:00:00,18844000000.0,2055000000.0,16789000000.0,14001000000.0,2788000000.0,2788000000.0,287000000.0,2501000000.0,6357000000.0,16.74,0.8909,0.0,0.148,0.3373,0.3099,4.9227,,17.4546,,4.9466,2501000000.0,,7483000000.0,0.0,0.3099,PNC
2020-06-30 00:00:00,19612000000.0,2862000000.0,16750000000.0,14224000000.0,2526000000.0,2526000000.0,376000000.0,2150000000.0,6217000000.0,16.29,0.8541,0.0,0.1288,0.317,0.3085,4.0027,12.05,16.9935,12.07,4.0166,2150000000.0,5193000000.0,7343000000.0,0.0,0.3085,PNC
2020-03-31 00:00:00,20422000000.0,3533000000.0,16889000000.0,12037000000.0,4852000000.0,4852000000.0,773000000.0,4079000000.0,3931000000.0,10.78,0.827,0.0,0.2376,0.1925,0.2579,8.3727,2.18,11.4603,2.21,8.3866,4079000000.0,983000000.0,5062000000.0,0.0,0.2579,PNC
2019-12-31 00:00:00,20636000000.0,3797000000.0,16839000000.0,11347000000.0,5492000000.0,5492000000.0,901000000.0,4591000000.0,4284000000.0,11.44,0.816,0.0,0.2661,0.2076,0.3568,9.57,1.83,12.1208,1.84,9.59,4591000000.0,1155000000.0,5418000000.0,0.0,0.3568,PNC
2019-09-30 00:00:00,19970000000.0,3829000000.0,16141000000.0,11089000000.0,5052000000.0,5052000000.0,852000000.0,4200000000.0,5099000000.0,11.23,0.8083,0.0,0.253,0.2553,0.3197,8.3136,1.51,11.9012,1.53,8.3219,4200000000.0,750000000.0,5388000000.0,0.0,0.3197,PNC
2019-06-30 00:00:00,19843000000.0,3587000000.0,16256000000.0,10979000000.0,5277000000.0,5277000000.0,858000000.0,4419000000.0,5109000000.0,11.12,0.8192,0.0,0.2659,0.2575,0.35,8.8415,1.08,11.7769,1.09,8.8627,4419000000.0,562000000.0,5396000000.0,0.0,0.35,PNC
2019-03-31 00:00:00,19622000000.0,3257000000.0,16365000000.0,10852000000.0,5513000000.0,5513000000.0,923000000.0,4590000000.0,5093000000.0,10.97,0.834,0.0,0.281,0.2596,0.322,9.2444,,11.6216,,9.284,4590000000.0,,5378000000.0,0.0,0.322,PNC
2018-12-31 00:00:00,19051000000.0,2861000000.0,16190000000.0,10704000000.0,5486000000.0,5486000000.0,928000000.0,4558000000.0,5061000000.0,10.8,0.8498,0.0,0.288,0.2657,0.4115,9.06,,11.4477,,9.1101,4558000000.0,,5346000000.0,0.0,0.4115,PNC
2018-09-30 00:00:00,19515000000.0,2463000000.0,17052000000.0,11165000000.0,5887000000.0,5887000000.0,-199000000.0,6086000000.0,5790000000.0,12.26,0.8738,0.0,0.3017,0.2967,0.3365,12.798,,12.9007,,12.9007,6086000000.0,,6086000000.0,0.0,0.3365,PNC
2018-06-30 00:00:00,18976000000.0,2156000000.0,16820000000.0,11055000000.0,5765000000.0,5765000000.0,-47000000.0,5812000000.0,5515000000.0,11.6,0.8864,0.0,0.3038,0.2906,0.4162,12.1314,,12.2406,,12.2406,5812000000.0,,5812000000.0,0.0,0.4162,PNC
2018-03-31 00:00:00,18459000000.0,1903000000.0,16556000000.0,10968000000.0,5588000000.0,5588000000.0,35000000.0,5553000000.0,5251000000.0,10.98,0.8969,0.0,0.3027,0.2845,0.3744,11.5065,,11.6158,,11.6158,5553000000.0,,5553000000.0,0.0,0.3744,PNC
2017-12-31 00:00:00,18035000000.0,1706000000.0,16329000000.0,10839000000.0,5490000000.0,5490000000.0,102000000.0,5388000000.0,5053000000.0,10.52,0.9054,0.0,0.3044,0.2802,0.3093,11.0865,,11.2016,,11.2016,5388000000.0,,5388000000.0,0.0,0.3093,PNC
2017-09-30 00:00:00,17492000000.0,1549000000.0,15943000000.0,10161000000.0,5782000000.0,5782000000.0,1438000000.0,4344000000.0,4011000000.0,8.3,0.9114,0.0,0.3306,0.2293,0.3384,8.8778,,8.9641,,8.9641,4344000000.0,,4344000000.0,0.0,0.3384,PNC
2017-06-30 00:00:00,17059000000.0,1412000000.0,15647000000.0,10056000000.0,5591000000.0,5591000000.0,1367000000.0,4224000000.0,3885000000.0,7.99,0.9172,0.0,0.3277,0.2277,0.2907,8.5747,,8.6665,,8.6665,4224000000.0,,4224000000.0,0.0,0.2907,PNC
2017-03-31 00:00:00,16693000000.0,1312000000.0,15381000000.0,9966000000.0,5415000000.0,5415000000.0,1299000000.0,4116000000.0,3776000000.0,7.71,0.9214,0.0,0.3244,0.2262,0.2884,8.2929,,8.3899,,8.3899,4116000000.0,,4116000000.0,0.0,0.2884,PNC
2016-12-31 00:00:00,16423000000.0,1261000000.0,15162000000.0,9909000000.0,5253000000.0,5253000000.0,1268000000.0,3985000000.0,3662000000.0,7.42,0.9232,0.0,0.3199,0.223,0.2131,7.97,,8.0668,,8.0668,3985000000.0,,3985000000.0,0.0,0.2131,PNC
2016-09-30 00:00:00,16345000000.0,1204000000.0,15141000000.0,9871000000.0,5270000000.0,5270000000.0,1310000000.0,3960000000.0,3642000000.0,7.31,0.9263,0.0,0.3224,0.2228,0.2562,7.8565,,7.9434,,7.9434,3960000000.0,,3960000000.0,0.0,0.2562,PNC
2016-06-30 00:00:00,16257000000.0,1170000000.0,15087000000.0,9823000000.0,5264000000.0,5264000000.0,1237000000.0,4027000000.0,3709000000.0,7.37,0.928,0.0,0.3238,0.2281,0.2848,7.8918,,7.986,,7.986,4027000000.0,,4027000000.0,0.0,0.2848,PNC
2016-03-31 00:00:00,16266000000.0,1107000000.0,15159000000.0,9748000000.0,5411000000.0,5411000000.0,1329000000.0,4082000000.0,3784000000.0,7.45,0.9319,0.0,0.3327,0.2326,0.3406,7.9142,,8.0154,,8.0154,4082000000.0,,4082000000.0,0.0,0.3406,PNC
2015-12-31 00:00:00,16270000000.0,1045000000.0,15225000000.0,9718000000.0,5507000000.0,5507000000.0,1364000000.0,4143000000.0,3864000000.0,7.54,0.9358,0.0,0.3385,0.2375,0.3396,7.9521,,8.0603,,8.0603,4143000000.0,,4143000000.0,0.0,0.3396,PNC
2015-09-30 00:00:00,16338000000.0,1019000000.0,15319000000.0,9839000000.0,5480000000.0,5480000000.0,1302000000.0,4178000000.0,3896000000.0,7.52,0.9376,0.0,0.3354,0.2385,0.2839,7.9329,,8.0627,,8.0627,4178000000.0,,4178000000.0,0.0,0.2839,PNC
2015-06-30 00:00:00,16349000000.0,964000000.0,15385000000.0,9818000000.0,5567000000.0,5567000000.0,1424000000.0,4143000000.0,3868000000.0,7.41,0.941,0.0,0.3405,0.2366,0.2307,7.8024,,7.9292,,7.9292,4143000000.0,,4143000000.0,0.0,0.2307,PNC
2015-03-31 00:00:00,16267000000.0,938000000.0,15329000000.0,9806000000.0,5523000000.0,5523000000.0,1372000000.0,4151000000.0,3877000000.0,7.37,0.9423,0.0,0.3395,0.2383,0.2413,7.7656,,7.8873,,7.8873,4151000000.0,,4151000000.0,0.0,0.2413,PNC
2014-12-31 00:00:00,16281000000.0,906000000.0,15375000000.0,9761000000.0,5614000000.0,5614000000.0,1407000000.0,4207000000.0,3936000000.0,7.44,0.9444,0.0,0.3448,0.2418,0.343,7.8343,,7.9527,,7.9527,4207000000.0,,4207000000.0,0.0,0.343,PNC
2014-09-30 00:00:00,16380000000.0,879000000.0,15501000000.0,9797000000.0,5704000000.0,5704000000.0,1480000000.0,4224000000.0,3949000000.0,7.43,0.9463,0.0,0.3482,0.2411,0.2588,7.8593,,7.9627,,7.9627,4224000000.0,,4224000000.0,0.0,0.2588,PNC
2014-06-30 00:00:00,16449000000.0,869000000.0,15580000000.0,9916000000.0,5664000000.0,5664000000.0,1450000000.0,4214000000.0,3941000000.0,7.43,0.9472,0.0,0.3443,0.2396,0.4395,7.8514,,7.9438,,7.9438,4214000000.0,,4214000000.0,0.0,0.4395,PNC
2014-03-31 00:00:00,16687000000.0,853000000.0,15834000000.0,10078000000.0,5756000000.0,5756000000.0,1479000000.0,4277000000.0,3998000000.0,7.57,0.9489,0.0,0.3449,0.2396,0.3873,7.9994,,8.0781,,8.0781,4277000000.0,,4277000000.0,0.0,0.3873,PNC
2013-12-31 00:00:00,16872000000.0,860000000.0,16012000000.0,10324000000.0,5688000000.0,5688000000.0,1476000000.0,4212000000.0,3934000000.0,7.49,0.949,0.0,0.3371,0.2332,0.3292,7.9173,,7.9772,,7.9772,4212000000.0,,4212000000.0,0.0,0.3292,PNC
2013-09-30 00:00:00,16902000000.0,894000000.0,16008000000.0,10748000000.0,5260000000.0,5260000000.0,1410000000.0,3850000000.0,3584000000.0,6.88,0.9471,0.0,0.3112,0.212,0.4188,7.2573,,7.3022,,7.3022,3850000000.0,,3850000000.0,0.0,0.4188,PNC
2013-06-30 00:00:00,17127000000.0,951000000.0,16176000000.0,11095000000.0,5081000000.0,5081000000.0,1334000000.0,3747000000.0,3505000000.0,6.72,0.9445,0.0,0.2967,0.2046,0.2797,7.0808,,7.1175,,7.1175,3747000000.0,,3747000000.0,0.0,0.2797,PNC
2013-03-31 00:00:00,16745000000.0,1010000000.0,15735000000.0,11437000000.0,4298000000.0,4298000000.0,1120000000.0,3178000000.0,2972000000.0,5.7,0.9397,0.0,0.2567,0.1775,0.3013,6.0112,,6.0419,,6.0419,3178000000.0,,3178000000.0,0.0,0.3013,PNC
2012-12-31 00:00:00,16606000000.0,1094000000.0,15512000000.0,11473000000.0,4039000000.0,4039000000.0,1045000000.0,2994000000.0,2806000000.0,5.38,0.9341,0.0,0.2432,0.169,0.41,5.6598,,5.6921,,5.6921,2994000000.0,,2994000000.0,0.0,0.41,PNC
