Date,Revenue,Cost of Revenue,Gross Profit,SG&A Expenses,Operating Income,Interest Expense (Operating),Non-operating Income/Expense,Non-operating Interest Expenses,EBT,Income Tax Provision,Income after Tax,Share of Subsidiary Earnings,Net Income Common,EPS (Basic),Gross Margin,EBIT Margin,EBT margin,Net Profit Margin,Free Cash Flow Margin,EBITDA,EBIT,"EPS (Diluted, from Cont. Ops)","EPS (Basic, Consolidated)","EPS (Basic, from Continuous Ops)",Income from Continuous Operations,Consolidated Net Income/Loss,EBITDA Margin,Operating Cash Flow Margin,Ticker
2022-09-30 00:00:00,6120000000.0,4179000000.0,1940000000.0,896178000.0,1046379200.0,28000000.0,-26428000.0,27205000.0,1019000000.0,235000000.0,783915000.0,293000.0,778000000.0,19.45,0.317,0.171,0.1665,0.1271,0.036,1084000000.0,1046379300.0,19.6551,19.8695,19.8695,784208000.0,778000000.0,0.1771,0.0428,POOL
2022-06-30 00:00:00,5916000000.0,4037000000.0,1878000000.0,862368000.0,1019778100.0,18000000.0,-15721000.0,17815000.0,1002000000.0,223000000.0,778523000.0,295000.0,774000000.0,19.21,0.3174,0.1724,0.1694,0.1308,0.0194,1053000000.0,1019778200.0,19.3915,19.6279,19.6279,778818000.0,774000000.0,0.178,0.0262,POOL
2022-03-31 00:00:00,5647833000.0,3884148000.0,1762685100.0,827551000.0,939476100.0,11000000.0,-9161000.0,11255000.0,928623000.0,196985000.0,730956000.0,274000.0,726695000.0,18.01,0.3121,0.1663,0.1644,0.1287,-0.0017,969888100.0,939476200.0,18.0954,18.3522,18.3522,731230000.0,726695000.0,0.1717,0.005,POOL
2021-12-31 00:00:00,5295578000.0,3678762000.0,1616816100.0,788185000.0,832784100.0,9000000.0,-6545000.0,8639000.0,824072000.0,173854000.0,650333000.0,291000.0,646350000.0,16.02,0.3053,0.1573,0.1556,0.1221,0.0521,860224100.0,832784200.0,16.0727,16.3162,16.3162,650624000.0,646350000.0,0.1624,0.0592,POOL
2021-09-30 00:00:00,5098838100.0,3565928000.0,1533910200.0,755944000.0,779242100.0,10000000.0,-8605000.0,9922000.0,769361000.0,167017000.0,601917000.0,271000.0,602523000.0,14.93,0.3008,0.1528,0.1509,0.1182,0.0664,807017100.0,779242200.0,14.7608,14.9944,14.9944,602188000.0,602523000.0,0.1583,0.0721,POOL
2021-06-30 00:00:00,4827067100.0,3406459000.0,1420608200.0,730409000.0,690199100.0,10000000.0,-9466000.0,9466000.0,680733000.0,144377000.0,536356000.0,265000.0,536621000.0,13.36,0.2943,0.143,0.141,0.1112,0.0699,719556100.0,690199200.0,13.1389,13.3577,13.3577,536621000.0,536621000.0,0.1491,0.0753,POOL
2021-03-31 00:00:00,4320080100.0,3077676000.0,1242404100.0,684934000.0,557469900.0,11000000.0,-10146000.0,10146000.0,547324000.0,113125000.0,434199000.0,282000.0,434481000.0,10.83,0.2876,0.129,0.1267,0.1006,0.1002,586835900.0,557470000.0,10.6349,10.827,10.827,434481000.0,434481000.0,0.1358,0.1053,POOL
2020-12-31 00:00:00,3936623100.0,2805721000.0,1130902100.0,659931000.0,464026900.0,13000000.0,-12353000.0,12353000.0,451674000.0,85231000.0,366443000.0,295000.0,366738000.0,9.15,0.2873,0.1179,0.1147,0.0932,0.0955,493424900.0,464027000.0,8.9744,9.1442,9.1442,366738000.0,366738000.0,0.1253,0.101,POOL
2020-09-30 00:00:00,3679596100.0,2625739100.0,1053857000.0,631438000.0,415474900.0,15000000.0,-14527000.0,14527000.0,400948000.0,75660000.0,325288000.0,300000.0,325588000.0,8.13,0.2864,0.1129,0.109,0.0885,0.1144,445005900.0,415475000.0,7.9772,8.1298,8.1298,325588000.0,325588000.0,0.1209,0.1208,POOL
2020-06-30 00:00:00,3438867100.0,2455777100.0,983090000.0,604364000.0,371781900.0,,-18164000.0,18164000.0,353618000.0,67893000.0,285725000.0,290000.0,286015000.0,7.15,0.2859,0.1081,0.1028,0.0832,0.115,401432900.0,371782000.0,7.0069,7.153,7.153,286015000.0,286015000.0,0.1167,0.1229,POOL
2020-03-31 00:00:00,3279349100.0,2339426100.0,939923000.0,594531000.0,338448000.0,,-21945000.0,21945000.0,316503000.0,56938000.0,259565000.0,285000.0,259850000.0,6.51,0.2866,0.1032,0.0965,0.0792,0.0777,368035000.0,338448100.0,6.3538,6.5105,6.5105,259850000.0,259850000.0,0.1122,0.0883,POOL
2019-12-31 00:00:00,3199517100.0,2274592100.0,924925000.0,583679000.0,341246000.0,,-23772000.0,23772000.0,317474000.0,56161000.0,261313000.0,262000.0,261575000.0,6.57,0.2891,0.1067,0.0992,0.0818,0.083,370520000.0,341246100.0,6.401,6.5668,6.5668,261575000.0,261575000.0,0.1158,0.0934,POOL
2019-09-30 00:00:00,3160365900.0,2237048100.0,923317800.0,581900000.0,341417900.0,,-24985000.0,24985000.0,316433000.0,56354000.0,260079000.0,285000.0,260364000.0,6.54,0.2922,0.108,0.1001,0.0824,0.0886,370122900.0,341417900.0,6.3831,6.5503,6.5503,260364000.0,260364000.0,0.1171,0.0983,POOL
2019-06-30 00:00:00,3073176900.0,2172787100.0,900389800.0,571175000.0,329214900.0,,-24418000.0,24418000.0,304797000.0,54967000.0,249830000.0,270000.0,250100000.0,6.26,0.293,0.1071,0.0992,0.0814,0.0738,357574900.0,329214900.0,6.0942,6.2722,6.2722,250100000.0,250100000.0,0.1164,0.0823,POOL
2019-03-31 00:00:00,3009652900.0,2130922100.0,878730800.0,559997000.0,318733900.0,,-23985000.0,23985000.0,294749000.0,59251000.0,235498000.0,261000.0,235759000.0,5.85,0.292,0.1059,0.0979,0.0783,0.0558,346903900.0,318733900.0,5.6769,5.8667,5.8667,235759000.0,235759000.0,0.1153,0.0637,POOL
2018-12-31 00:00:00,2998096900.0,2127924100.0,870172800.0,556284000.0,313888900.0,,-20896000.0,20896000.0,292993000.0,58774000.0,234219000.0,242000.0,234461000.0,5.8,0.2902,0.1047,0.0977,0.0782,0.029,341803900.0,313888900.0,5.6235,5.8163,5.8163,234461000.0,234461000.0,0.114,0.0396,POOL
2018-09-30 00:00:00,2965198000.0,2110069000.0,855129100.0,549950100.0,305178900.0,,-18030000.0,18030000.0,287149000.0,44019000.0,243130000.0,185000.0,243315000.0,6.02,0.2884,0.1029,0.0968,0.0821,0.0286,332731900.0,305178900.0,5.8361,6.0397,6.0397,243315000.0,243315000.0,0.1122,0.0386,POOL
2018-06-30 00:00:00,2897288000.0,2060556000.0,836732100.0,541962100.0,294769900.0,,-17108000.0,17108000.0,277662000.0,54992000.0,222670000.0,167000.0,222837000.0,5.51,0.2888,0.1017,0.0958,0.0769,0.0519,321960900.0,294769900.0,5.3348,5.5261,5.5261,222837000.0,222837000.0,0.1111,0.0621,POOL
2018-03-31 00:00:00,2827647000.0,2009906000.0,817741100.0,530827100.0,286913900.0,,-15069000.0,15069000.0,271845000.0,71584000.0,200261000.0,147000.0,200691000.0,4.92,0.2892,0.1015,0.0961,0.071,0.0455,313485900.0,286913900.0,4.7367,4.9209,4.9209,200408000.0,200408000.0,0.1109,0.0579,POOL
2017-12-31 00:00:00,2788188000.0,1982899000.0,805289100.0,520918100.0,284370900.0,,-15189000.0,15189000.0,269182000.0,77982000.0,191200000.0,139000.0,191633000.0,4.68,0.2888,0.102,0.0965,0.0687,0.0487,310095900.0,284370900.0,4.5075,4.6852,4.6852,191339000.0,191339000.0,0.1112,0.0629,POOL
2017-09-30 00:00:00,2723240000.0,1935571900.0,787668200.0,510813000.0,276855100.0,,-16135000.0,16135000.0,260720000.0,92639000.0,168081000.0,164000.0,168582000.0,4.1,0.2892,0.1017,0.0957,0.0619,0.034,301603100.0,276855100.0,3.9501,4.1048,4.1048,168245000.0,168245000.0,0.1108,0.0493,POOL
2017-06-30 00:00:00,2671268000.0,1900654900.0,770613200.0,501520000.0,269093100.0,,-15115000.0,15115000.0,253978000.0,90267000.0,163711000.0,172000.0,164333000.0,3.96,0.2885,0.1007,0.0951,0.0615,0.0355,292952100.0,269093100.0,3.8245,3.9621,3.9621,163883000.0,163883000.0,0.1097,0.0516,POOL
2017-03-31 00:00:00,2601994000.0,1850308900.0,751685200.0,494358000.0,257327100.0,,-15164000.0,15164000.0,242163000.0,87822000.0,154341000.0,169000.0,154865000.0,3.69,0.2889,0.0989,0.0931,0.0595,0.051,280151100.0,257327100.0,3.5988,3.702,3.702,154510000.0,154510000.0,0.1077,0.0664,POOL
2016-12-31 00:00:00,2570803000.0,1829715900.0,741087200.0,485228000.0,255859100.0,,-14481000.0,14481000.0,241378000.0,92931000.0,148447000.0,156000.0,148955000.0,3.54,0.2883,0.0995,0.0939,0.0579,0.051,277836100.0,255859100.0,3.4572,3.5489,3.5489,148603000.0,148603000.0,0.1081,0.0643,POOL
2016-09-30 00:00:00,2540642900.0,1809038100.0,731604800.0,479510000.0,252094800.0,,-11658000.0,11658000.0,240437000.0,91892000.0,148545000.0,65000.0,148825000.0,3.54,0.288,0.0992,0.0946,0.0586,0.0681,273099800.0,252094900.0,3.4456,3.5379,3.5379,148610000.0,148610000.0,0.1075,0.0831,POOL
2016-06-30 00:00:00,2494992900.0,1778651100.0,716341800.0,472901000.0,243440800.0,,-11142000.0,11142000.0,232299000.0,88789000.0,143510000.0,82000.0,143738000.0,3.4,0.2871,0.0976,0.0931,0.0576,0.0602,263087800.0,243440900.0,3.3122,3.4009,3.4009,143592000.0,143592000.0,0.1054,0.0757,POOL
2016-03-31 00:00:00,2427958900.0,1734093100.0,693865800.0,463713000.0,230152800.0,,-9041000.0,9041000.0,221112000.0,85073000.0,136039000.0,115000.0,136227000.0,3.17,0.2858,0.0948,0.0911,0.0561,0.0536,248626800.0,230152900.0,3.0869,3.1688,3.1688,136154000.0,136154000.0,0.1024,0.0675,POOL
2015-12-31 00:00:00,2363138900.0,1687495100.0,675643800.0,459422000.0,216221800.0,,-8072000.0,8072000.0,208150000.0,80137000.0,128013000.0,211000.0,128275000.0,2.97,0.2859,0.0915,0.0881,0.0543,0.0495,233609800.0,216221900.0,2.8975,2.9747,2.9747,128224000.0,128224000.0,0.0989,0.0618,POOL
2015-09-30 00:00:00,2324506000.0,1661137100.0,663368900.0,453858000.0,209510800.0,,-8162000.0,8162000.0,201349000.0,77937000.0,123412000.0,254000.0,123595000.0,2.86,0.2854,0.0901,0.0866,0.0532,0.0596,226259800.0,209510800.0,2.8026,2.8755,2.8755,123666000.0,123666000.0,0.0973,0.0699,POOL
2015-06-30 00:00:00,2294263000.0,1638938100.0,655324900.0,452869000.0,202455800.0,,-7553000.0,7553000.0,194903000.0,75944000.0,118959000.0,262000.0,118984000.0,2.74,0.2856,0.0882,0.085,0.0519,0.0412,218839800.0,202455800.0,2.685,2.7543,2.7543,119221000.0,119221000.0,0.0954,0.0506,POOL
2015-03-31 00:00:00,2290648000.0,1636607100.0,654040900.0,458218000.0,195822800.0,,-7547000.0,7547000.0,188276000.0,73247000.0,115029000.0,246000.0,114923000.0,2.59,0.2855,0.0855,0.0822,0.0502,0.0355,211931800.0,195822800.0,2.5415,2.6081,2.6081,115275000.0,115275000.0,0.0925,0.0443,POOL
2014-12-31 00:00:00,2246562000.0,1603222100.0,643339900.0,454470000.0,188869800.0,,-7485000.0,7485000.0,181385000.0,70559000.0,110826000.0,204000.0,110692000.0,2.49,0.2864,0.0841,0.0807,0.0493,0.0465,204751800.0,188869800.0,2.4434,2.5074,2.5074,111030000.0,111030000.0,0.0911,0.0542,POOL
2014-09-30 00:00:00,2210908900.0,1577796000.0,633113000.0,450325000.0,182787900.0,,-7200000.0,7200000.0,175588000.0,67893000.0,107695000.0,339000.0,107912000.0,2.43,0.2864,0.0827,0.0794,0.0488,0.0314,198569900.0,182787900.0,2.3829,2.4473,2.4473,108034000.0,108034000.0,0.0898,0.04,POOL
2014-06-30 00:00:00,2173529900.0,1554104000.0,619426000.0,441720000.0,177705900.0,,-6880000.0,6880000.0,170826000.0,65678000.0,105148000.0,260000.0,105408000.0,2.33,0.285,0.0818,0.0786,0.0485,0.0308,193058900.0,177705900.0,2.283,2.3455,2.3455,105408000.0,105408000.0,0.0888,0.0401,POOL
2014-03-31 00:00:00,2115681900.0,1515066000.0,600616000.0,433416000.0,167199900.0,,-7067000.0,7067000.0,160133000.0,62298000.0,97835000.0,243000.0,98078000.0,2.11,0.2839,0.079,0.0757,0.0464,0.0416,182163900.0,167199900.0,2.0658,2.1215,2.1215,98078000.0,98078000.0,0.0861,0.0509,POOL
2013-12-31 00:00:00,2079699900.0,1488423000.0,591277000.0,425791000.0,165485900.0,,-6748000.0,6748000.0,158738000.0,61590000.0,97148000.0,182000.0,97330000.0,2.09,0.2843,0.0796,0.0763,0.0468,0.0415,180081900.0,165485900.0,2.0478,2.103,2.103,97330000.0,97330000.0,0.0866,0.0505,POOL
2013-09-30 00:00:00,2045729000.0,1461307000.0,584422000.0,422419000.0,162002900.0,,-6344000.0,6344000.0,155659000.0,61532000.0,94127000.0,181000.0,94308000.0,2.03,0.2857,0.0792,0.0761,0.0461,0.0154,176073900.0,162002900.0,1.9795,2.0302,2.0302,94308000.0,94308000.0,0.0861,0.0237,POOL
2013-06-30 00:00:00,1995599000.0,1422233000.0,573366000.0,416781000.0,149638900.0,,-6487000.0,6487000.0,143152000.0,60001000.0,83151000.0,200000.0,83351000.0,1.79,0.2873,0.075,0.0717,0.0418,0.0177,163277900.0,149638900.0,1.7475,1.792,1.792,83351000.0,83351000.0,0.0818,0.0263,POOL
2013-03-31 00:00:00,1962382000.0,1394777000.0,567605000.0,414879000.0,145779900.0,,-6606000.0,6606000.0,139174000.0,57603000.0,81571000.0,190000.0,81761000.0,1.74,0.2892,0.0743,0.0709,0.0417,0.0503,159065900.0,145779900.0,1.7029,1.7437,1.7437,81761000.0,81761000.0,0.0811,0.0576,POOL
2012-12-31 00:00:00,1953974000.0,1386567000.0,567407000.0,415592000.0,144868900.0,,-6469000.0,6469000.0,138400000.0,56744000.0,81656000.0,316000.0,81972000.0,1.75,0.2904,0.0741,0.0708,0.042,0.0526,157744900.0,144868900.0,1.7057,1.7463,1.7463,81972000.0,81972000.0,0.0807,0.0609,POOL
