Date,Revenue,Cost of Revenue,Gross Profit,SG&A Expenses,Operating Income,Non-operating Income/Expense,Non-operating Interest Expenses,Income (Other),EBT,Income Tax Provision,Income after Tax,Share of Subsidiary Earnings,Net Income Common,EPS (Basic),Gross Margin,EBIT Margin,EBT margin,Net Profit Margin,Free Cash Flow Margin,EBITDA,EBIT,"EPS (Diluted, from Cont. Ops)","EPS (Diluted, from Disc. Ops)","EPS (Basic, Consolidated)","EPS (Basic, from Discontinued Ops)","EPS (Basic, from Continuous Ops)",Income from Continuous Operations,Income from Discontinued Operations,Consolidated Net Income/Loss,EBITDA Margin,Operating Cash Flow Margin,Ticker
2022-09-30 00:00:00,61548000000.0,46606000000.0,16534000000.0,15149000000.0,325000000.0,-112000000.0,1534000000.0,,325000000.0,-36000000.0,361000000.0,-25000000.0,293000000.0,0.72,0.2686,0.0053,0.0053,0.0048,0.1481,1564000000.0,325000000.0,0.9367,,0.9678,,0.9678,336000000.0,,301000000.0,0.0254,0.1481,PRU
2022-06-30 00:00:00,62709000000.0,45152000000.0,19149000000.0,15521000000.0,2568000000.0,-73000000.0,1495000000.0,,2568000000.0,371000000.0,2197000000.0,-6000000.0,2089000000.0,5.4,0.3054,0.041,0.041,0.0333,0.1635,3975000000.0,2568000000.0,5.7644,,5.8271,,5.8271,2191000000.0,,2138000000.0,0.0634,0.1635,PRU
2022-03-31 00:00:00,67197000000.0,44604000000.0,22593000000.0,15681000000.0,5852000000.0,-43000000.0,1465000000.0,,5852000000.0,969000000.0,4883000000.0,63000000.0,4818000000.0,12.33,0.3362,0.0871,0.0871,0.0717,0.1951,7104000000.0,5852000000.0,12.8314,,12.9366,,12.9366,4946000000.0,,4899000000.0,0.1057,0.1951,PRU
2021-12-31 00:00:00,70934000000.0,44814000000.0,26120000000.0,15679000000.0,9381000000.0,-55000000.0,1477000000.0,,9381000000.0,1674000000.0,7707000000.0,87000000.0,7684000000.0,19.45,0.3682,0.1322,0.1322,0.1083,0.1383,10645000000.0,9381000000.0,19.9795,,20.129,,20.129,7794000000.0,,7754000000.0,0.1501,0.1383,PRU
2021-09-30 00:00:00,70539000000.0,45995000000.0,24544000000.0,15651000000.0,8893000000.0,-1501000000.0,1501000000.0,,8893000000.0,1416000000.0,7477000000.0,97000000.0,7311000000.0,18.39,0.3479,0.1261,0.1261,0.1036,0.0279,8989000000.0,8893000000.0,19.2273,,19.3284,,19.3284,7574000000.0,,7550000000.0,0.1274,0.0279,PRU
2021-06-30 00:00:00,64323000000.0,40092000000.0,24231000000.0,15697000000.0,8534000000.0,-1533000000.0,1533000000.0,1462000000.0,8534000000.0,1107000000.0,7427000000.0,89000000.0,7292000000.0,18.25,0.3767,0.1327,0.1327,0.1134,-0.0629,8653000000.0,8534000000.0,18.9763,,19.0631,,19.0631,7516000000.0,,7516000000.0,0.1345,-0.0629,PRU
2021-03-31 00:00:00,60521000000.0,41383000000.0,19138000000.0,15709000000.0,3429000000.0,-1559000000.0,1559000000.0,-2668000000.0,3429000000.0,613000000.0,2816000000.0,112000000.0,2725000000.0,6.73,0.3162,0.0567,0.0567,0.045,-0.1602,3587000000.0,3429000000.0,7.3423,,7.3866,,7.3866,2928000000.0,,2928000000.0,0.0593,-0.1602,PRU
2020-12-31 00:00:00,57033000000.0,41222000000.0,15811000000.0,16134000000.0,-323000000.0,-1570000000.0,1570000000.0,-5524000000.0,-323000000.0,-81000000.0,-242000000.0,96000000.0,-374000000.0,-0.99,0.2772,-0.0057,-0.0057,-0.0066,0.1467,134000000.0,-323000000.0,-0.3689,,-0.3689,,-0.3689,-146000000.0,,-146000000.0,0.0023,0.1467,PRU
2020-09-30 00:00:00,60227000000.0,43678000000.0,16549000000.0,16428000000.0,121000000.0,-1569000000.0,1569000000.0,-4753000000.0,121000000.0,228000000.0,-107000000.0,77000000.0,-65000000.0,-0.24,0.2748,0.002,0.002,-0.0011,0.28,677000000.0,121000000.0,-0.1811,,-0.1303,,-0.1303,-30000000.0,,-30000000.0,0.0112,0.28,PRU
2020-06-30 00:00:00,59907000000.0,43156000000.0,16751000000.0,16352000000.0,399000000.0,,,,399000000.0,610000000.0,-211000000.0,99000000.0,-134000000.0,-0.49,0.2796,0.0067,0.0067,-0.0022,0.4136,1331000000.0,399000000.0,-0.4877,,-0.4162,,-0.4162,-112000000.0,,-112000000.0,0.0222,0.4136,PRU
2020-03-31 00:00:00,63180000000.0,42935000000.0,20245000000.0,16638000000.0,3607000000.0,,,,3607000000.0,657000000.0,2950000000.0,81000000.0,2983000000.0,7.37,0.3204,0.0571,0.0571,0.0472,0.4955,4376000000.0,3607000000.0,7.3901,,7.4995,,7.4995,3031000000.0,,3031000000.0,0.0693,0.4955,PRU
2019-12-31 00:00:00,64807000000.0,43974000000.0,20833000000.0,15748000000.0,5085000000.0,,,,5085000000.0,947000000.0,4138000000.0,100000000.0,4186000000.0,10.35,0.3215,0.0785,0.0785,0.0646,0.3028,5545000000.0,5085000000.0,10.314,,10.4694,,10.4694,4238000000.0,,4238000000.0,0.0856,0.3028,PRU
2019-09-30 00:00:00,64016000000.0,44097000000.0,19919000000.0,15125000000.0,4794000000.0,,,,4794000000.0,944000000.0,3850000000.0,99000000.0,3900000000.0,9.57,0.3112,0.0749,0.0749,0.0609,0.4223,5262000000.0,4794000000.0,9.5302,,9.6929,,9.6929,3949000000.0,,3949000000.0,0.0822,0.4223,PRU
2019-06-30 00:00:00,65059000000.0,45389000000.0,19670000000.0,14763000000.0,4907000000.0,,,,4907000000.0,796000000.0,4111000000.0,88000000.0,4154000000.0,10.08,0.3023,0.0754,0.0754,0.0638,0.3583,4931000000.0,4907000000.0,9.9858,,10.191,,10.191,4199000000.0,,4199000000.0,0.0758,0.3583,PRU
2019-03-31 00:00:00,64326000000.0,45743000000.0,18583000000.0,14302000000.0,4281000000.0,,,,4281000000.0,702000000.0,3579000000.0,82000000.0,3643000000.0,8.81,0.2889,0.0666,0.0666,0.0566,0.349,4484000000.0,4281000000.0,8.6701,,8.8469,,8.8469,3661000000.0,,3661000000.0,0.0697,0.349,PRU
2018-12-31 00:00:00,62992000000.0,43936000000.0,19056000000.0,14222000000.0,4834000000.0,,,,4834000000.0,822000000.0,4012000000.0,76000000.0,4074000000.0,9.76,0.3025,0.0767,0.0767,0.0647,0.3439,4995000000.0,4834000000.0,9.5918,,9.7893,,9.7893,4088000000.0,,4088000000.0,0.0793,0.3439,PRU
2018-09-30 00:00:00,60825000000.0,41919000000.0,18906000000.0,14009000000.0,4897000000.0,,,,4897000000.0,-2154000000.0,7051000000.0,53000000.0,6997000000.0,16.61,0.3108,0.0805,0.0805,0.115,0.2457,4893000000.0,4897000000.0,16.455,,16.8004,,16.8004,7104000000.0,,7104000000.0,0.0804,0.2457,PRU
2018-06-30 00:00:00,60990000000.0,40860000000.0,20130000000.0,14050000000.0,6080000000.0,,,,6080000000.0,-1538000000.0,7618000000.0,52000000.0,7563000000.0,17.84,0.3301,0.0997,0.0997,0.124,0.2529,6243000000.0,6080000000.0,17.6627,,18.034,,18.034,7670000000.0,,7670000000.0,0.1024,0.2529,PRU
2018-03-31 00:00:00,59776000000.0,39680000000.0,20096000000.0,13658000000.0,6438000000.0,,,,6438000000.0,-1481000000.0,7919000000.0,47000000.0,7857000000.0,18.52,0.3362,0.1077,0.1077,0.1314,0.2361,6688000000.0,6438000000.0,18.3299,,18.7153,,18.7153,7966000000.0,,7966000000.0,0.1119,0.2361,PRU
2017-12-31 00:00:00,59689000000.0,39707000000.0,19982000000.0,13495000000.0,6487000000.0,,,,6487000000.0,-1438000000.0,7925000000.0,49000000.0,7863000000.0,18.47,0.3348,0.1087,0.1087,0.1317,0.2255,6709000000.0,6487000000.0,18.289,,18.6745,,18.6745,7974000000.0,,7974000000.0,0.1124,0.2255,PRU
2017-09-30 00:00:00,56474000000.0,37716000000.0,18758000000.0,13070000000.0,5688000000.0,,,,5688000000.0,1355000000.0,4333000000.0,69000000.0,4382000000.0,10.23,0.3322,0.1007,0.1007,0.0776,0.1167,5875000000.0,5688000000.0,10.1027,,10.3179,,10.3179,4402000000.0,,4402000000.0,0.104,0.1167,PRU
2017-06-30 00:00:00,57122000000.0,39536000000.0,17586000000.0,12604000000.0,4982000000.0,,,,4982000000.0,1056000000.0,3926000000.0,67000000.0,3971000000.0,9.05,0.3079,0.0872,0.0872,0.0695,0.1061,4983000000.0,4982000000.0,9.0743,,9.2626,,9.2626,3993000000.0,,3993000000.0,0.0872,0.1061,PRU
2017-03-31 00:00:00,58120000000.0,39415000000.0,18705000000.0,12990000000.0,5715000000.0,,,,5715000000.0,1362000000.0,4353000000.0,69000000.0,4401000000.0,9.99,0.3218,0.0983,0.0983,0.0757,0.1754,5816000000.0,5715000000.0,9.9986,,10.2015,,10.2015,4422000000.0,,4422000000.0,0.1001,0.1754,PRU
2016-12-31 00:00:00,58779000000.0,39418000000.0,19361000000.0,13656000000.0,5705000000.0,,,,5705000000.0,1335000000.0,4370000000.0,49000000.0,4368000000.0,9.78,0.3294,0.0971,0.0971,0.0743,0.2531,6023000000.0,5705000000.0,9.8947,,10.0844,,10.0844,4419000000.0,,4419000000.0,0.1025,0.2531,PRU
2016-09-30 00:00:00,59985000000.0,40021000000.0,19964000000.0,13733000000.0,6231000000.0,,,,6231000000.0,1410000000.0,4821000000.0,45000000.0,4819000000.0,10.73,0.3328,0.1039,0.1039,0.0803,0.3198,6620000000.0,6231000000.0,11.0494,,11.0397,,11.2897,4866000000.0,,4866000000.0,0.1104,0.3198,PRU
2016-06-30 00:00:00,56623000000.0,36328000000.0,20295000000.0,14330000000.0,5965000000.0,,,,5965000000.0,1493000000.0,4472000000.0,29000000.0,4457000000.0,9.88,0.3584,0.1053,0.1053,0.0787,0.4237,6550000000.0,5965000000.0,10.0861,,10.0897,,10.3069,4501000000.0,,4501000000.0,0.1157,0.4237,PRU
2016-03-31 00:00:00,55896000000.0,35648000000.0,20248000000.0,13495000000.0,6753000000.0,,,,6753000000.0,1741000000.0,5012000000.0,23000000.0,4942000000.0,10.86,0.3622,0.1208,0.1208,0.0884,0.2637,6863000000.0,6753000000.0,11.0573,,11.2163,,11.2799,5035000000.0,,5035000000.0,0.1228,0.2637,PRU
2015-12-31 00:00:00,57119000000.0,36318000000.0,20801000000.0,13032000000.0,7769000000.0,,,,7769000000.0,2072000000.0,5697000000.0,15000000.0,5642000000.0,12.33,0.3642,0.136,0.136,0.0988,0.2441,7882000000.0,7769000000.0,12.4066,,12.6456,,12.6456,5712000000.0,,5712000000.0,0.138,0.2441,PRU
2015-09-30 00:00:00,58588000000.0,39322000000.0,19266000000.0,14090000000.0,5176000000.0,,,,5176000000.0,1668000000.0,3508000000.0,13000000.0,3448000000.0,8.04,0.3288,0.0883,0.0883,0.0589,0.338,5479000000.0,5176000000.0,7.98,0.02,7.8418,0.02,8.09,3521000000.0,8000000.0,3525000000.0,0.0935,0.338,PRU
2015-06-30 00:00:00,57369000000.0,40428000000.0,16941000000.0,13530000000.0,3411000000.0,,,,3411000000.0,850000000.0,2561000000.0,16000000.0,2495000000.0,5.82,0.2953,0.0595,0.0595,0.0435,0.3018,3815000000.0,3411000000.0,5.81,0.03,5.7309,0.03,5.87,2577000000.0,12000000.0,2581000000.0,0.0665,0.3018,PRU
2015-03-31 00:00:00,56803000000.0,39818000000.0,16985000000.0,14196000000.0,2789000000.0,,,,2789000000.0,575000000.0,2214000000.0,13000000.0,2179000000.0,5.01,0.299,0.0491,0.0491,0.0384,0.4039,3549000000.0,2789000000.0,4.99,,4.93,,5.05,2227000000.0,,2235000000.0,0.0625,0.4039,PRU
2014-12-31 00:00:00,54105000000.0,38566000000.0,15539000000.0,13780000000.0,1759000000.0,,,,1759000000.0,349000000.0,1410000000.0,16000000.0,1381000000.0,3.2,0.2872,0.0325,0.0325,0.0255,0.3585,2390000000.0,1759000000.0,3.2,0.05,3.1363,,3.23,1426000000.0,8000000.0,1438000000.0,0.0442,0.3585,PRU
2014-09-30 00:00:00,48319000000.0,32941000000.0,15378000000.0,12751000000.0,2627000000.0,,,,2627000000.0,190000000.0,2437000000.0,16000000.0,2380000000.0,4.95,0.3183,0.0544,0.0544,0.0493,0.2977,3154000000.0,2627000000.0,4.89,,5.3418,,4.94,2453000000.0,,2457000000.0,0.0653,0.2977,PRU
2014-06-30 00:00:00,47249000000.0,31558000000.0,15691000000.0,11822000000.0,3869000000.0,,,,3869000000.0,921000000.0,2948000000.0,14000000.0,2895000000.0,6.06,0.3321,0.0819,0.0819,0.0613,0.2458,4298000000.0,3869000000.0,5.92,0.04,6.4481,0.04,6.0,2962000000.0,12000000.0,2974000000.0,0.091,0.2458,PRU
2014-03-31 00:00:00,44144000000.0,31066000000.0,13078000000.0,11485000000.0,1593000000.0,,,,1593000000.0,242000000.0,1351000000.0,13000000.0,1291000000.0,2.67,0.2963,0.0361,0.0361,0.0292,0.2319,1936000000.0,1593000000.0,2.59,0.03,2.9761,0.03,2.63,1364000000.0,10000000.0,1374000000.0,0.0439,0.2319,PRU
2013-12-31 00:00:00,41461000000.0,31894000000.0,9567000000.0,11251000000.0,-1684000000.0,,,,-1684000000.0,-1058000000.0,-626000000.0,59000000.0,-667000000.0,-1.51,0.2307,-0.0406,-0.0406,-0.0161,0.2037,-1273000000.0,-1684000000.0,-1.57,,-1.2091,0.02,-1.57,-567000000.0,7000000.0,-560000000.0,-0.0307,0.2037,PRU
2013-09-30 00:00:00,77466000000.0,67532000000.0,9934000000.0,11304000000.0,-1370000000.0,,,,-1370000000.0,-986000000.0,-384000000.0,56000000.0,-388000000.0,-1.03,0.1282,-0.0177,-0.0177,-0.005,0.189,-960000000.0,-1370000000.0,-0.96,0.03,-0.6743,0.03,-0.98,-328000000.0,14000000.0,-314000000.0,-0.0124,0.189,PRU
2013-06-30 00:00:00,79300000000.0,71104000000.0,8196000000.0,12022000000.0,-3826000000.0,,,,-3826000000.0,-1811000000.0,-2015000000.0,98000000.0,-1999000000.0,-4.55,0.1034,-0.0482,-0.0482,-0.0252,0.2176,-3566000000.0,-3826000000.0,-4.32,0.01,-4.1262,0.02,-4.38,-1917000000.0,4000000.0,-1913000000.0,-0.045,0.2176,PRU
2013-03-31 00:00:00,85395000000.0,72519000000.0,12876000000.0,12964000000.0,-88000000.0,,,,-88000000.0,-793000000.0,705000000.0,99000000.0,739000000.0,1.28,0.1508,-0.001,-0.001,0.0087,0.2381,218000000.0,-88000000.0,1.47,0.03,1.7268,0.03,1.48,804000000.0,9000000.0,813000000.0,0.0026,0.2381,PRU
2012-12-31 00:00:00,84847000000.0,71541000000.0,13306000000.0,12598000000.0,708000000.0,,,,708000000.0,213000000.0,495000000.0,60000000.0,520000000.0,0.74,0.1568,0.0083,0.0083,0.0061,0.2464,1010000000.0,708000000.0,1.01,0.04,1.2243,0.04,1.02,555000000.0,15000000.0,570000000.0,0.0119,0.2464,PRU
