Date,Revenue,Cost of Revenue,Gross Profit,SG&A Expenses,Operating Income,Non-operating Income/Expense,Non-operating Interest Expenses,Income (Other),EBT,Income Tax Provision,Income after Tax,Share of Subsidiary Earnings,Net Income Common,EPS (Basic),Gross Margin,EBIT Margin,EBT margin,Net Profit Margin,Free Cash Flow Margin,EBITDA,EBIT,"EPS (Diluted, from Cont. Ops)","EPS (Diluted, from Disc. Ops)","EPS (Basic, Consolidated)","EPS (Basic, from Discontinued Ops)","EPS (Basic, from Continuous Ops)",Income from Continuous Operations,Income from Discontinued Operations,Consolidated Net Income/Loss,EBITDA Margin,Operating Cash Flow Margin,Ticker
2022-09-30 00:00:00,1206429000.0,338957000.0,867472000.0,76665000.0,470146000.0,-146371000.0,146227000.0,113178000.0,323775000.0,,323775000.0,68597000.0,455461000.0,2.65,0.719,0.3897,0.2684,0.3775,0.0194,768379000.0,470146000.0,2.6792,,2.6861,,2.6861,460633000.0,,460633000.0,0.6369,0.5629,REG
2022-06-30 00:00:00,1209815000.0,330701000.0,879114000.0,74181000.0,489220000.0,-144977000.0,145859000.0,132739000.0,344243000.0,,344243000.0,71631000.0,485289000.0,2.83,0.7267,0.4044,0.2845,0.4011,-0.0619,781322000.0,489220000.0,2.8579,,2.8656,,2.8656,490634000.0,,490634000.0,0.6458,0.5471,REG
2022-03-31 00:00:00,1194891000.0,328264000.0,866627000.0,75723000.0,479764000.0,-136759000.0,144972000.0,140146000.0,343005000.0,,343005000.0,48224000.0,475983000.0,2.78,0.7253,0.4015,0.2871,0.3983,0.0338,766231000.0,479764000.0,2.8122,,2.8197,,2.8197,481479000.0,,481479000.0,0.6413,0.5548,REG
2021-12-31 00:00:00,1166161000.0,326682000.0,839479000.0,78218000.0,452179000.0,-132977000.0,145170000.0,,319202000.0,,319202000.0,47086000.0,361411000.0,2.11,0.7199,0.3878,0.2737,0.3099,0.0769,738577000.0,452179000.0,2.1458,,2.1516,,2.1516,366288000.0,,366288000.0,0.6333,0.5654,REG
2021-09-30 00:00:00,1127696900.0,323721000.0,803975900.0,78775000.0,401222900.0,-92365000.0,146814000.0,41435000.0,308858000.0,,308858000.0,38155000.0,332039000.0,1.95,0.7129,0.3558,0.2739,0.2944,0.357,693024900.0,401223000.0,1.9792,,1.983,,1.983,336521000.0,,336521000.0,0.6145,0.5613,REG
2021-06-30 00:00:00,1063265900.0,321757000.0,741508900.0,80568000.0,327217900.0,-114289000.0,151615000.0,42164000.0,212929000.0,,212929000.0,32028000.0,227321000.0,1.33,0.6974,0.3077,0.2003,0.2138,0.4343,628247900.0,327218000.0,1.3608,,1.3627,,1.3627,230983000.0,,230983000.0,0.5909,0.5709,REG
2021-03-31 00:00:00,1007219900.0,316569000.0,690650900.0,82583000.0,262200900.0,-116586000.0,156178000.0,60388000.0,145615000.0,,145615000.0,34417000.0,150877000.0,0.88,0.6857,0.2603,0.1446,0.1498,0.3549,570979900.0,262201000.0,0.907,,0.908,,0.908,153725000.0,,153725000.0,0.5669,0.5091,REG
2020-12-31 00:00:00,1016174900.0,313077000.0,703097900.0,75001000.0,137426900.0,-124279000.0,156678000.0,,13148000.0,,13148000.0,34169000.0,44889000.0,0.26,0.6919,0.1352,0.0129,0.0442,0.2967,583937900.0,137427000.0,0.2793,,0.2796,,0.2796,47317000.0,,47317000.0,0.5746,0.4912,REG
2020-09-30 00:00:00,1046447900.0,312155000.0,734293000.0,72751000.0,170256000.0,-191536000.0,156691000.0,49577000.0,-21280000.0,,-21280000.0,39641000.0,46693000.0,0.27,0.7017,0.1627,-0.0203,0.0446,0.276,619873900.0,170256000.0,0.2916,,0.2915,,0.2915,49232000.0,,49232000.0,0.5924,0.5031,REG
2020-06-30 00:00:00,1085779900.0,310168000.0,775612000.0,69874000.0,206793000.0,-172690000.0,154150000.0,46782000.0,34103000.0,,34103000.0,31242000.0,90970000.0,0.54,0.7143,0.1905,0.0314,0.0838,0.1036,660442900.0,206793000.0,0.5583,,0.5589,,0.5589,93866000.0,,93866000.0,0.6083,0.506,REG
2020-03-31 00:00:00,1130538900.0,309608000.0,820931000.0,67389000.0,247013000.0,-183092000.0,150948000.0,55824000.0,63921000.0,,63921000.0,41546000.0,123652000.0,0.74,0.7261,0.2185,0.0565,0.1094,0.1564,713155900.0,247013000.0,0.7568,,0.758,,0.758,126982000.0,,126982000.0,0.6308,0.5445,REG
2019-12-31 00:00:00,1133137900.0,306145000.0,826993000.0,74984000.0,369912000.0,-187610000.0,151264000.0,,182302000.0,,182302000.0,60956000.0,239430000.0,1.43,0.7298,0.3264,0.1609,0.2113,0.1753,711497900.0,369912000.0,1.4499,,1.452,,1.452,243258000.0,,243258000.0,0.6279,0.5483,REG
2019-09-30 00:00:00,1128965000.0,310225000.0,818740000.0,70267000.0,365212000.0,-153820000.0,150157000.0,21047000.0,211392000.0,,211392000.0,57100000.0,278043000.0,1.65,0.7252,0.3235,0.1872,0.2463,0.1883,714642000.0,365212000.0,1.6732,,1.6771,,1.6771,281864100.0,,281864000.0,0.633,0.5447,REG
2019-06-30 00:00:00,1124999000.0,310615000.0,814384000.0,71126000.0,362444000.0,-151110000.0,148522000.0,21283000.0,211334000.0,,211334000.0,67407000.0,290800000.0,1.72,0.7239,0.3222,0.1879,0.2585,0.3425,713174000.0,362444000.0,1.7435,,1.7476,,1.7476,294454100.0,,294454000.0,0.6339,0.5322,REG
2019-03-31 00:00:00,1130539000.0,307742000.0,822797000.0,69185000.0,376016000.0,-165510000.0,149423000.0,20937000.0,210506000.0,,210506000.0,63453000.0,286913000.0,1.69,0.7278,0.3326,0.1862,0.2538,0.2614,717060000.0,376016000.0,1.7162,,1.7199,,1.7199,290353100.0,,290353000.0,0.6343,0.5235,REG
2018-12-31 00:00:00,1120975000.0,305890000.0,815085000.0,65491000.0,380169000.0,-170818000.0,148456000.0,,209351000.0,,209351000.0,42974000.0,249127000.0,1.46,0.7271,0.3391,0.1868,0.2222,0.2666,717003000.0,380169000.0,1.4834,,1.4867,,1.4867,252325100.0,,252325000.0,0.6396,0.5445,REG
2018-09-30 00:00:00,1101164000.0,292208000.0,808956000.0,69952000.0,367615000.0,-157494000.0,146821000.0,,210121000.0,,210171000.0,39085000.0,255361000.0,1.5,0.7346,0.3338,0.1908,0.2319,0.087,704444000.0,367615000.0,1.6591,,1.633,,1.6627,263440000.0,,258528000.0,0.6397,0.535,REG
2018-06-30 00:00:00,1084995000.0,283857000.0,801138000.0,67587000.0,358721000.0,-154652000.0,144882000.0,,204069000.0,,204119000.0,41282000.0,245305000.0,1.44,0.7384,0.3306,0.1881,0.2261,0.0637,697219000.0,358721000.0,1.616,,1.5905,,1.6194,256357000.0,,251576000.0,0.6426,0.5471,REG
2018-03-31 00:00:00,1064888000.0,275441000.0,789447000.0,67557000.0,339872000.0,-140528000.0,142215000.0,,199344000.0,,199394000.0,44348000.0,245832000.0,1.44,0.7413,0.3192,0.1872,0.2309,0.0955,684225000.0,339872000.0,1.5984,,1.5987,,1.6019,253575000.0,,253160000.0,0.6425,0.5512,REG
2017-12-31 00:00:00,984326000.0,253713000.0,730613000.0,67624000.0,239563000.0,-113661000.0,132629000.0,,125902000.0,,125902000.0,43341000.0,159949000.0,0.87,0.7422,0.2434,0.1279,0.1625,-0.0068,560129000.0,239563000.0,1.1189,,1.1219,,1.1219,178980000.0,,178980000.0,0.569,0.4773,REG
2017-09-30 00:00:00,879140000.0,225477000.0,653663000.0,66250000.0,211191000.0,-82064000.0,117509000.0,,129127000.0,,129077000.0,43704000.0,130679000.0,0.9,0.7435,0.2402,0.1469,0.1486,0.097,486851000.0,211191000.0,1.2841,0.1216,1.088,0.1222,1.2883,172781000.0,14492000.0,154697000.0,0.5538,0.4746,REG
2017-06-30 00:00:00,769767000.0,198573000.0,571194000.0,67097000.0,180793000.0,-124009000.0,104775000.0,,56784000.0,,56734000.0,54130000.0,76318000.0,0.6,0.742,0.2349,0.0738,0.0991,-0.0397,411703000.0,180793000.0,0.9266,0.1264,0.8214,0.127,0.9301,110864000.0,14909000.0,102229000.0,0.5348,0.4195,REG
2017-03-31 00:00:00,660874000.0,174075000.0,486799000.0,66701000.0,153147000.0,-100884000.0,93769000.0,,52263000.0,13043000.0,52213000.0,52940000.0,62760000.0,0.67,0.7366,0.2317,0.0791,0.095,-0.4886,339667000.0,153147000.0,1.066,0.2323,0.9426,0.2333,1.0714,105153000.0,23411000.0,92700000.0,0.514,0.3828,REG
2016-12-31 00:00:00,614371000.0,161417000.0,452954000.0,65327000.0,211219000.0,-100745000.0,90712000.0,,110474000.0,,110474000.0,56518000.0,143860000.0,1.42,0.7373,0.3438,0.1798,0.2342,-0.4399,379429000.0,211219000.0,1.6487,,1.6556,,1.6557,166992000.0,,166992000.0,0.6176,0.4837,REG
2016-09-30 00:00:00,600975000.0,156337000.0,444638000.0,68068000.0,210467000.0,-157116000.0,94703000.0,,53351000.0,,53351000.0,51134000.0,105601000.0,1.07,0.7399,0.3502,0.0888,0.1757,-0.3973,374639000.0,210467000.0,1.0648,0.2419,1.3149,0.2432,1.0718,104485000.0,24387000.0,128872000.0,0.6234,0.4894,REG
2016-06-30 00:00:00,590275000.0,151711000.0,438564000.0,66772000.0,208528000.0,-107752000.0,97857000.0,,100776000.0,,100776000.0,34154000.0,154027000.0,1.59,0.743,0.3533,0.1707,0.2609,-0.3415,369766000.0,208528000.0,1.3882,0.4434,1.8421,0.4456,1.3966,134930000.0,42562000.0,177492000.0,0.6264,0.5242,REG
2016-03-31 00:00:00,578992000.0,147085000.0,431907000.0,65521000.0,207857000.0,-110261000.0,100131000.0,,97596000.0,,97596000.0,29861000.0,151697000.0,1.58,0.746,0.359,0.1686,0.262,0.1009,365565000.0,207857000.0,1.3252,0.4977,1.8325,0.5001,1.3326,127457000.0,47671000.0,175128000.0,0.6314,0.5318,REG
2015-12-31 00:00:00,569763000.0,144833000.0,424930000.0,65600000.0,204665000.0,-110236000.0,102622000.0,,94429000.0,,94429000.0,22508000.0,128994000.0,1.36,0.7458,0.3592,0.1657,0.2264,0.0618,359573000.0,204665000.0,1.2308,0.3748,1.6134,0.3767,1.2368,116937000.0,35606000.0,152543000.0,0.6311,0.5012,REG
2015-09-30 00:00:00,559763000.0,142098000.0,417665000.0,62585000.0,201094000.0,-80130000.0,105758000.0,,120964000.0,,121960000.0,26908000.0,184900000.0,1.97,0.7461,0.3592,0.2161,0.3303,-0.0202,355573000.0,201094000.0,1.5881,0.6336,2.2264,0.6352,1.5913,148868000.0,59328000.0,208196000.0,0.6352,0.4943,REG
2015-06-30 00:00:00,551254000.0,139274000.0,411980000.0,62298000.0,196129000.0,-81308000.0,108220000.0,,114821000.0,,115817000.0,26954000.0,179111000.0,1.92,0.7474,0.3558,0.2083,0.3249,-0.0094,349775000.0,196129000.0,1.5301,0.6385,2.1707,0.6388,1.532,142771000.0,59131000.0,201902000.0,0.6345,0.518,REG
2015-03-31 00:00:00,545017000.0,137818000.0,407199000.0,62422000.0,191410000.0,-81817000.0,108990000.0,,109593000.0,,110589000.0,29029000.0,172113000.0,1.86,0.7471,0.3512,0.2011,0.3158,-0.0008,344606000.0,191410000.0,1.5052,0.597,2.1029,0.5971,1.5058,139618000.0,55165000.0,194783000.0,0.6323,0.5136,REG
2014-12-31 00:00:00,537898000.0,136819000.0,401079000.0,60242000.0,184550000.0,-83046000.0,109491000.0,,101504000.0,,102500000.0,31270000.0,166328000.0,1.8,0.7456,0.3431,0.1887,0.3092,-0.135,339761000.0,184550000.0,1.4477,0.5962,2.0445,0.5963,1.4482,133770000.0,55077000.0,188847000.0,0.6316,0.5163,REG
2014-09-30 00:00:00,527735000.0,135693000.0,392042000.0,57176000.0,178725000.0,-106825000.0,108743000.0,,71900000.0,,71900000.0,28921000.0,139139000.0,1.51,0.7429,0.3387,0.1362,0.2637,-0.2323,331280000.0,178725000.0,1.0344,0.6545,1.7589,0.6546,1.0348,100821000.0,60854000.0,161675000.0,0.6277,0.5078,REG
2014-06-30 00:00:00,514494000.0,132841000.0,381653000.0,57714000.0,172630000.0,-111145000.0,107932000.0,,61485000.0,,61485000.0,36470000.0,126195000.0,1.37,0.7418,0.3355,0.1195,0.2453,-0.2379,324537000.0,172630000.0,0.9443,0.5462,1.6223,0.5462,0.9445,97955000.0,50944000.0,148899000.0,0.6308,0.5073,REG
2014-03-31 00:00:00,501909000.0,129676000.0,372233000.0,57457000.0,168624000.0,-112147000.0,108268000.0,,56477000.0,,56477000.0,33650000.0,132577000.0,1.44,0.7416,0.336,0.1125,0.2641,-0.3042,317011000.0,168624000.0,0.814,0.6878,1.6933,0.6878,0.8141,90127000.0,65080000.0,155207000.0,0.6316,0.5214,REG
2013-12-31 00:00:00,489007000.0,124744000.0,364263000.0,61234000.0,164320000.0,-111741000.0,108966000.0,,52579000.0,,52579000.0,31718000.0,128742000.0,1.4,0.7449,0.336,0.1075,0.2633,-0.1438,308625000.0,164320000.0,0.69,0.71,1.6555,0.71,0.69,84297000.0,66988000.0,151285000.0,0.6311,0.5127,REG
2013-09-30 00:00:00,468335000.0,117789000.0,350546000.0,63859000.0,157914000.0,-113639000.0,109695000.0,,44275000.0,,30932000.0,29784000.0,45237000.0,0.49,0.7485,0.3372,0.0945,0.0966,-0.1546,299518000.0,157914000.0,0.43,0.06,0.7317,0.06,0.43,60716000.0,6857000.0,67573000.0,0.6395,0.5588,REG
2013-06-30 00:00:00,463606000.0,116352000.0,347254000.0,64499000.0,157950000.0,-110561000.0,110407000.0,,47389000.0,,33556000.0,21925000.0,21876000.0,0.24,0.749,0.3407,0.1022,0.0472,-0.2068,295722000.0,157950000.0,0.35,-0.11,0.5108,-0.11,0.35,55481000.0,-8752000.0,46729000.0,0.6379,0.5506,REG
2013-03-31 00:00:00,468064000.0,116341000.0,351723000.0,63553000.0,163178000.0,-130571000.0,111003000.0,,32607000.0,,19614000.0,26717000.0,-4291000.0,-0.05,0.7514,0.3486,0.0697,-0.0092,-0.2011,302390000.0,163178000.0,0.23,-0.28,0.2278,-0.28,0.23,46331000.0,-25723000.0,20608000.0,0.646,0.5454,REG
2012-12-31 00:00:00,473929000.0,119598000.0,354331000.0,61700000.0,166436000.0,-131240000.0,112129000.0,,35196000.0,13224000.0,21972000.0,23807000.0,-6664000.0,-0.08,0.7476,0.3512,0.0743,-0.0141,-0.1338,305991000.0,166436000.0,0.16,-0.24,0.2924,-0.24,0.16,45779000.0,-19570000.0,26209000.0,0.6456,0.5427,REG
