Date,Revenue,Cost of Revenue,Gross Profit,R&D Expenses,SG&A Expenses,Operating Income,Non-operating Income/Expense,Non-operating Interest Expenses,EBT,Income Tax Provision,Income after Tax,Net Income Common,EPS (Basic),Gross Margin,EBIT Margin,EBT margin,Net Profit Margin,Free Cash Flow Margin,EBITDA,EBIT,"EPS (Diluted, from Cont. Ops)","EPS (Basic, Consolidated)","EPS (Basic, from Continuous Ops)",Income from Continuous Operations,Consolidated Net Income/Loss,EBITDA Margin,Operating Cash Flow Margin,Ticker
2022-09-30 00:00:00,11278000000.0,,11003000000.0,186000000.0,8211000000.0,2139000000.0,5000000.0,,2022000000.0,513000000.0,1509000000.0,1503000000.0,6.98,0.9756,0.1897,0.1793,0.1333,0.0,,2139000000.0,7.0017,7.1875,7.1875,1509000000.0,1507000000.0,0.0,0.0,RJF
2022-06-30 00:00:00,10979000000.0,,10867000000.0,163000000.0,8186000000.0,2071000000.0,17000000.0,,1966000000.0,467000000.0,1499000000.0,1494000000.0,7.02,0.9898,0.1886,0.1791,0.1361,0.8038,2256000000.0,2071000000.0,7.0399,7.2365,7.2365,1499000000.0,1496000000.0,0.2055,0.8077,RJF
2022-03-31 00:00:00,10705000000.0,,10620000000.0,136000000.0,7978000000.0,1966000000.0,14000000.0,,1936000000.0,431000000.0,1505000000.0,1503000000.0,7.1333,0.9921,0.1837,0.1809,0.1404,1.1952,2130000000.0,1966000000.0,7.0946,7.2996,7.2996,1505000000.0,1503000000.0,0.199,1.2003,RJF
2021-12-31 00:00:00,10364000000.0,,10319000000.0,123000000.0,7751000000.0,1916000000.0,35000000.0,,1950000000.0,413000000.0,1537000000.0,1535000000.0,7.3333,0.9957,0.1849,0.1882,0.1481,0.1997,2083000000.0,1916000000.0,7.2543,7.462,7.462,1537000000.0,1535000000.0,0.201,0.2063,RJF
2021-09-30 00:00:00,9767000000.0,,9760000000.0,111000000.0,7356000000.0,1778000000.0,13000000.0,264000000.0,1791000000.0,388000000.0,1403000000.0,1401000000.0,6.7466,0.9993,0.182,0.1834,0.1434,0.6764,1927000000.0,1778000000.0,6.6431,6.8206,6.8206,1403000000.0,1402000000.0,0.1973,0.6839,RJF
2021-06-30 00:00:00,9144000000.0,,9144000000.0,103000000.0,6975000000.0,1550000000.0,-63000000.0,,1487000000.0,304000000.0,1183000000.0,1182000000.0,5.7466,1.0,0.1695,0.1626,0.1293,0.3738,1694000000.0,1550000000.0,5.6209,5.7506,5.7506,1183000000.0,1183000000.0,0.1853,0.3876,RJF
2021-03-31 00:00:00,8507000000.0,,8507000000.0,93000000.0,6573000000.0,1463000000.0,-163000000.0,,1300000000.0,252000000.0,1048000000.0,1047000000.0,5.0866,1.0,0.172,0.1528,0.1231,0.2036,1616000000.0,1463000000.0,4.9933,5.0953,5.0953,1048000000.0,1048000000.0,0.19,0.2171,RJF
2020-12-31 00:00:00,8203000000.0,,8203000000.0,113000000.0,6337000000.0,1396000000.0,-304000000.0,,1092000000.0,230000000.0,862000000.0,861000000.0,4.1799,1.0,0.1702,0.1331,0.105,0.6481,1565000000.0,1396000000.0,4.1157,4.1919,4.1919,862000000.0,862000000.0,0.1908,0.6618,RJF
2020-09-30 00:00:00,7990000000.0,,7990000000.0,134000000.0,6174000000.0,1338000000.0,-286000000.0,366000000.0,1052000000.0,234000000.0,818000000.0,817000000.0,3.9533,1.0,0.1675,0.1317,0.1023,0.4919,1514000000.0,1338000000.0,3.8898,3.9633,3.9633,818000000.0,818000000.0,0.1895,0.5074,RJF
2020-06-30 00:00:00,7788000000.0,,7788000000.0,159000000.0,6077000000.0,1198000000.0,-48000000.0,303000000.0,1150000000.0,276000000.0,874000000.0,872000000.0,4.2,1.0,0.1538,0.1477,0.112,0.4109,1370000000.0,1198000000.0,4.1323,4.2145,4.2145,874000000.0,874000000.0,0.1759,0.428,RJF
2020-03-31 00:00:00,7954000000.0,,7954000000.0,195000000.0,6067000000.0,1329000000.0,-35000000.0,,1294000000.0,333000000.0,961000000.0,958000000.0,4.5934,1.0,0.1671,0.1627,0.1204,0.4212,1496000000.0,1329000000.0,4.5121,4.6079,4.6079,961000000.0,961000000.0,0.1881,0.44,RJF
2019-12-31 00:00:00,7745000000.0,,7745000000.0,195000000.0,5856000000.0,1333000000.0,69000000.0,336000000.0,1402000000.0,349000000.0,1053000000.0,1050000000.0,5.0134,1.0,0.1721,0.181,0.1356,0.097,1468000000.0,1333000000.0,4.9228,5.0296,5.0296,1053000000.0,1053000000.0,0.1895,0.1159,RJF
2019-09-30 00:00:00,7740000000.0,,7740000000.0,194000000.0,5763000000.0,1412000000.0,-37000000.0,358000000.0,1375000000.0,341000000.0,1034000000.0,1032000000.0,4.88,1.0,0.1824,0.1776,0.1333,0.0567,1538000000.0,1412000000.0,4.7871,4.8889,4.8889,1034000000.0,1034000000.0,0.1987,0.0745,RJF
2019-06-30 00:00:00,7825000000.0,,7825000000.0,188000000.0,5672000000.0,1621000000.0,-250000000.0,284000000.0,1371000000.0,339000000.0,1032000000.0,1030000000.0,4.8133,1.0,0.2072,0.1752,0.1316,0.0535,1761000000.0,1621000000.0,4.7208,4.8234,4.8234,1032000000.0,1032000000.0,0.225,0.0714,RJF
2019-03-31 00:00:00,7716000000.0,,7716000000.0,188000000.0,5592000000.0,1588000000.0,-241000000.0,265000000.0,1347000000.0,342000000.0,1005000000.0,1004000000.0,4.6466,1.0,0.2058,0.1746,0.1301,0.0227,1736000000.0,1588000000.0,4.5537,4.6559,4.6559,1005000000.0,1005000000.0,0.225,0.0386,RJF
2018-12-31 00:00:00,7714000000.0,,7714000000.0,190000000.0,5558000000.0,1621000000.0,-289000000.0,235000000.0,1332000000.0,345000000.0,987000000.0,986000000.0,4.5266,1.0,0.2101,0.1727,0.1278,0.0729,1747000000.0,1621000000.0,4.4317,4.5343,4.5343,987000000.0,987000000.0,0.2265,0.0891,RJF
2018-09-30 00:00:00,7476000000.0,,7476000000.0,181000000.0,5423000000.0,1537000000.0,-226000000.0,202000000.0,1311000000.0,454000000.0,857000000.0,856000000.0,3.92,1.0,0.2056,0.1754,0.1145,0.1003,1657000000.0,1537000000.0,3.8397,3.9321,3.9321,857000000.0,857000000.0,0.2216,0.1182,RJF
2018-06-30 00:00:00,7246811000.0,,7246811000.0,172814000.0,5241333000.0,1418823100.0,-178582000.0,181797000.0,1240241000.0,451840000.0,788401000.0,786915000.0,3.6133,1.0,0.1958,0.1711,0.1086,-0.188,1496142100.0,1418823000.0,3.5408,3.6269,3.6269,788401000.0,788401000.0,0.2065,-0.1696,RJF
2018-03-31 00:00:00,7018918000.0,,7018918000.0,155119000.0,5082041000.0,1366899100.0,-167717000.0,166357000.0,1199182000.0,457430000.0,741752000.0,737940000.0,3.4,1.0,0.1947,0.1708,0.1051,-0.0985,1417916100.0,1366899000.0,3.3455,3.4244,3.4244,741752000.0,741752000.0,0.202,-0.079,RJF
2017-12-31 00:00:00,6762232000.0,,6762232000.0,153638000.0,4886320000.0,1188893000.0,-160408000.0,158034000.0,1028485000.0,421188000.0,607297000.0,607433000.0,2.8067,1.0,0.1758,0.1521,0.0898,-0.0973,1243137000.0,1188892900.0,2.7513,2.8149,2.8149,607297000.0,607297000.0,0.1838,-0.0755,RJF
2017-09-30 00:00:00,6525000000.0,,6525000000.0,155000000.0,4716000000.0,1092000100.0,-167000000.0,154000000.0,925000000.0,289000000.0,636000000.0,635000000.0,2.9467,1.0,0.1674,0.1418,0.0973,-0.0483,1133000100.0,1092000000.0,2.8922,2.9588,2.9588,636000000.0,636000000.0,0.1736,-0.0192,RJF
2017-06-30 00:00:00,6284345000.0,,6284345000.0,152070000.0,4563414000.0,1088866200.0,-200198000.0,143418000.0,888668000.0,268912000.0,619756000.0,612499000.0,2.8601,1.0,0.1733,0.1414,0.0975,0.0966,1139240200.0,1088866100.0,2.832,2.8958,2.8958,619756000.0,619756000.0,0.1813,0.1265,RJF
2017-03-31 00:00:00,6008235000.0,,5998021000.0,149253000.0,4378132000.0,1013574300.0,-196993000.0,132891000.0,816581000.0,249583000.0,566998000.0,554978000.0,2.6067,0.9983,0.1687,0.1359,0.0924,0.0554,1051130300.0,1013574200.0,2.6061,2.6622,2.6622,566998000.0,566998000.0,0.1749,0.0865,RJF
2016-12-31 00:00:00,5749031000.0,,5728300000.0,143151000.0,4216163000.0,1039426300.0,-190040000.0,125323000.0,849386000.0,269096000.0,580290000.0,568332000.0,2.68,0.9964,0.1808,0.1477,0.0989,-0.0316,1076059300.0,1039426200.0,2.6771,2.7316,2.7316,580290000.0,580290000.0,0.1872,-0.0024,RJF
2016-09-30 00:00:00,5521120000.0,,5490393000.0,148413000.0,4071808000.0,996873200.0,-184929000.0,116056000.0,811944000.0,271293000.0,540651000.0,528094000.0,2.4866,0.9944,0.1806,0.1471,0.0956,-0.1259,1044246200.0,996873100.0,2.4942,2.5423,2.5423,540651000.0,540651000.0,0.1891,-0.1038,RJF
2016-06-30 00:00:00,5397463000.0,40741000.0,5356722000.0,151888000.0,4014992000.0,971616600.0,-163546000.0,107961000.0,808070000.0,284171000.0,523899000.0,487319000.0,2.2799,0.9925,0.18,0.1497,0.0903,0.0527,1024660600.0,971616400.0,2.4085,2.4556,2.4556,523899000.0,523899000.0,0.1898,0.0729,RJF
2016-03-31 00:00:00,5359179000.0,40175000.0,5319004000.0,155527000.0,4004444000.0,947842500.0,-143331000.0,107652000.0,804511000.0,286845000.0,517666000.0,495010000.0,2.3066,0.9925,0.1769,0.1501,0.0924,0.0668,992762500.0,947842300.0,2.3694,2.4175,2.4175,517666000.0,517666000.0,0.1852,0.0859,RJF
2015-12-31 00:00:00,5330693000.0,43246000.0,5287447000.0,162600000.0,3998607000.0,921412600.0,-135376000.0,105389000.0,786036000.0,281431000.0,504605000.0,482626000.0,2.24,0.9919,0.1729,0.1475,0.0905,0.1526,958056600.0,921412400.0,2.3019,2.3529,2.3529,504605000.0,504605000.0,0.1797,0.1702,RJF
2015-09-30 00:00:00,5309680000.0,42748000.0,5266932000.0,158966000.0,3954875000.0,944256500.0,-129644000.0,106074000.0,814612000.0,296034000.0,518578000.0,502140000.0,2.34,0.9919,0.1778,0.1534,0.0946,0.1553,970027600.0,944256300.0,2.3689,2.4253,2.4253,518578000.0,518578000.0,0.1827,0.1693,RJF
2015-06-30 00:00:00,5251959000.0,43444000.0,5208515000.0,155289000.0,3908177200.0,904197900.0,-123417000.0,107641000.0,780781000.0,294452000.0,486329000.0,511117000.0,2.3867,0.9917,0.1722,0.1487,0.0973,0.0864,927539000.0,904197900.0,2.2289,2.2866,2.2866,486329000.0,486329000.0,0.1766,0.0993,RJF
2015-03-31 00:00:00,5144529000.0,43131000.0,5101398000.0,150241000.0,3826903200.0,888639800.0,-130221000.0,106969000.0,758419000.0,288071000.0,470348000.0,499901000.0,2.3467,0.9916,0.1727,0.1474,0.0972,0.1354,928116900.0,888639800.0,2.165,2.2231,2.2231,470348000.0,470348000.0,0.1804,0.1468,RJF
2014-12-31 00:00:00,5036530000.0,39419000.0,4997111000.0,144418000.0,3757121200.0,863181800.0,-127397000.0,106103000.0,735785000.0,282118000.0,453667000.0,490342000.0,2.3133,0.9922,0.1714,0.1461,0.0974,0.1331,904218900.0,863181800.0,2.0959,2.1525,2.1525,453667000.0,453667000.0,0.1795,0.1451,RJF
2014-09-30 00:00:00,4965460000.0,39875000.0,4925585000.0,139672000.0,3727012200.0,833604000.0,-117656000.0,104091000.0,715948000.0,267797000.0,448151000.0,480248000.0,2.2733,0.992,0.1679,0.1442,0.0967,0.0901,874963000.0,833604000.0,2.0807,2.135,2.135,448151000.0,448151000.0,0.1762,0.1022,RJF
2014-06-30 00:00:00,4804945000.0,38579000.0,4766366000.0,134523000.0,3618685100.0,763392800.0,-94106000.0,105359000.0,669287000.0,236260000.0,433026900.0,461169000.0,2.1866,0.992,0.1589,0.1393,0.096,0.1345,807194800.0,763392700.0,2.0208,2.0715,2.0715,433026900.0,433027000.0,0.168,0.1452,RJF
2014-03-31 00:00:00,4701390000.0,38510000.0,4662880000.0,131181000.0,3567866100.0,707888000.0,-88637000.0,106499000.0,619251000.0,215898000.0,403352900.0,422177000.0,2.0066,0.9918,0.1506,0.1317,0.0898,0.119,745680000.0,707887900.0,1.8907,1.9363,1.9363,403352900.0,403353000.0,0.1586,0.1312,RJF
2013-12-31 00:00:00,4667063000.0,40039000.0,4627024000.0,126002000.0,3512934100.0,717173000.0,-91618000.0,107722000.0,625555000.0,206051000.0,419503900.0,398233000.0,1.8933,0.9914,0.1537,0.134,0.0853,0.0796,700929000.0,717172900.0,1.9761,2.021,2.021,419503900.0,419504000.0,0.1502,0.0939,RJF
2013-09-30 00:00:00,4595798000.0,40253000.0,4555545000.0,124387000.0,3468842100.0,706845900.0,-112936000.0,110371000.0,593910000.0,197033000.0,396876900.0,367154000.0,1.7533,0.9912,0.1538,0.1292,0.0799,0.1277,692573900.0,706845800.0,1.8826,1.921,1.921,396876900.0,396877000.0,0.1507,0.1436,RJF
2013-06-30 00:00:00,4539003000.0,42712000.0,4496291000.0,124247000.0,3452680000.0,728219900.0,-175473000.0,111275000.0,552747000.0,193504000.0,359243000.0,329492000.0,1.5933,0.9906,0.1604,0.1218,0.0726,0.1099,695696900.0,728219900.0,1.7246,1.753,1.753,359243000.0,359243000.0,0.1533,0.1297,RJF
2013-03-31 00:00:00,4517037000.0,44471000.0,4472566000.0,125608000.0,3406313900.0,771087700.0,-209247000.0,112637000.0,561841000.0,193832000.0,368009000.0,321500000.0,1.56,0.9902,0.1707,0.1244,0.0712,0.0897,742911700.0,771087700.0,1.7801,1.8046,1.8046,368009000.0,368009000.0,0.1645,0.1103,RJF
2012-12-31 00:00:00,4236592000.0,42136000.0,4194456000.0,121502000.0,3207417900.0,711816700.0,-201377000.0,103350000.0,510440000.0,185403000.0,325037000.0,308978000.0,1.5267,0.9901,0.168,0.1205,0.0729,0.1258,731137700.0,711816700.0,1.6004,1.6174,1.6174,325037000.0,325037000.0,0.1726,0.1485,RJF
