Date,Revenue,Cost of Revenue,Gross Profit,SG&A Expenses,Operating Income,Non-operating Income/Expense,Non-operating Interest Expenses,EBT,Income Tax Provision,Income after Tax,Net Income Common,EPS (Basic),Gross Margin,EBIT Margin,EBT margin,Net Profit Margin,Free Cash Flow Margin,EBITDA,EBIT,"EPS (Diluted, from Cont. Ops)","EPS (Basic, Consolidated)","EPS (Basic, from Continuous Ops)",Income from Continuous Operations,Income from Discontinued Operations,Consolidated Net Income/Loss,EBITDA Margin,Operating Cash Flow Margin,Ticker
2022-09-30 00:00:00,2542622000.0,636421000.0,1906201000.0,254724000.0,888120100.0,93678000.0,8201000.0,445364000.0,39243000.0,406121000.0,407050000.0,3.71,0.7497,0.3493,0.1752,0.1601,0.4342,1609412000.0,888120100.0,3.7082,3.757,3.757,406121000.0,,423371000.0,0.633,0.5096,SBAC
2022-06-30 00:00:00,2456343000.0,598891000.0,1857452000.0,239881000.0,856909100.0,93790000.0,6288000.0,379683000.0,25526000.0,354157000.0,354839000.0,3.23,0.7562,0.3489,0.1546,0.1445,0.4262,1568025000.0,856909100.0,3.2243,3.2688,3.2688,354157000.0,,386584000.0,0.6384,0.4951,SBAC
2022-03-31 00:00:00,2379865000.0,568638000.0,1811227000.0,230552000.0,825695100.0,78499000.0,107127000.0,514014000.0,76339000.0,437675000.0,437992000.0,3.99,0.7611,0.347,0.216,0.184,0.4411,1539462000.0,825695100.0,3.9636,4.023,4.023,437675000.0,,470102000.0,0.6469,0.5029,SBAC
2021-12-31 00:00:00,2308834000.0,545484000.0,1763350000.0,220029000.0,782495000.0,-141231000.0,206524000.0,252564000.0,14940000.0,237624000.0,237624000.0,2.16,0.7637,0.3389,0.1094,0.1029,0.4575,1502245000.0,782495000.0,2.1373,2.1735,2.1735,237624000.0,,270051000.0,0.6507,0.5154,SBAC
2021-09-30 00:00:00,2249476900.0,533549000.0,1715927900.0,203956000.0,750218900.0,-215474000.0,303549000.0,344750000.0,49842000.0,294908000.0,294503000.0,2.68,0.7628,0.3335,0.1533,0.1309,0.4494,1498860800.0,750218900.0,2.6451,2.6734,2.6734,294908000.0,,310085000.0,0.6663,0.5043,SBAC
2021-06-30 00:00:00,2183111900.0,515045000.0,1668066900.0,201108000.0,698779900.0,-377759000.0,400718000.0,321021000.0,51235000.0,269786000.0,269273000.0,2.45,0.7641,0.3201,0.147,0.1233,0.4832,1438872800.0,698779900.0,2.4161,2.4401,2.4401,269786000.0,,269786000.0,0.6591,0.5368,SBAC
2021-03-31 00:00:00,2114809900.0,490788000.0,1624021900.0,196251000.0,656069900.0,-512015000.0,396386000.0,144055000.0,3820000.0,140235000.0,139417000.0,1.25,0.7679,0.3102,0.0681,0.0659,0.4823,1160061800.0,656069900.0,1.2478,1.2516,1.2516,140235000.0,,140235000.0,0.5485,0.5361,SBAC
2020-12-31 00:00:00,2083137900.0,476528000.0,1606609900.0,194267000.0,633693900.0,-651443000.0,392744000.0,-17749000.0,-41796000.0,24047000.0,24104000.0,0.22,0.7712,0.3042,-0.0085,0.0116,0.4788,1375721800.0,633693900.0,0.2119,0.2157,0.2157,24047000.0,,24047000.0,0.6604,0.5405,SBAC
2020-09-30 00:00:00,2060891100.0,469794000.0,1591097100.0,190819000.0,622509900.0,-696445000.0,392989000.0,-73935000.0,-59352000.0,-14583000.0,-14327000.0,-0.14,0.772,0.3021,-0.0359,-0.007,0.49,1363942800.0,622509900.0,-0.1507,-0.1334,-0.1334,-14583000.0,,-14583000.0,0.6618,0.557,SBAC
2020-06-30 00:00:00,2045498100.0,471784000.0,1573714100.0,184939000.0,616019900.0,-684426000.0,392104000.0,-68406000.0,-52913000.0,-15493000.0,-15216000.0,-0.15,0.7694,0.3012,-0.0334,-0.0074,0.4634,1327225900.0,616019900.0,-0.1611,-0.1437,-0.1437,-15493000.0,,-15493000.0,0.6489,0.536,SBAC
2020-03-31 00:00:00,2038419100.0,484730000.0,1553689100.0,191375000.0,595417900.0,-639196000.0,392178000.0,-43778000.0,-37140000.0,-6638000.0,-6056000.0,-0.07,0.7622,0.2921,-0.0215,-0.003,0.4258,1558011900.0,595417900.0,-0.0863,-0.0682,-0.0682,-6638000.0,,-6638000.0,0.7643,0.5029,SBAC
2019-12-31 00:00:00,2014645100.0,493031000.0,1521614100.0,192717000.0,583487900.0,-396599000.0,393229000.0,186889000.0,39605000.0,147284000.0,146991000.0,1.3,0.7553,0.2896,0.0928,0.073,0.4049,1300923900.0,583487900.0,1.2842,1.3056,1.3056,147284000.0,,147284000.0,0.6457,0.4815,SBAC
2019-09-30 00:00:00,1984835900.0,494075000.0,1490760900.0,184381000.0,579892800.0,-404320100.0,393210000.0,175573000.0,38692000.0,136881000.0,136794000.0,1.2,0.7511,0.2922,0.0885,0.0689,0.3906,1287225900.0,579892900.0,1.1948,1.2057,1.2057,136881000.0,,136881000.0,0.6485,0.4693,SBAC
2019-06-30 00:00:00,1944509900.0,487307000.0,1457202900.0,177017000.0,564051800.0,-393078100.0,392330000.0,170974000.0,39715000.0,131259000.0,131259000.0,1.15,0.7494,0.2901,0.0879,0.0675,0.3794,1273334800.0,564051900.0,1.1448,1.154,1.154,131259000.0,,131259000.0,0.6548,0.4586,SBAC
2019-03-31 00:00:00,1900685900.0,477273000.0,1423412900.0,157436000.0,553470800.0,-505718100.0,388509000.0,47753000.0,5858000.0,41895000.0,41895000.0,0.37,0.7489,0.2912,0.0251,0.022,0.3891,1262024900.0,553470900.0,0.3678,0.3728,0.3728,41895000.0,,41895000.0,0.664,0.4707,SBAC
2018-12-31 00:00:00,1865694900.0,468795000.0,1396899900.0,142526000.0,544165800.0,-492482100.0,378857000.0,51684000.0,4233000.0,47451000.0,47451000.0,0.41,0.7487,0.2917,0.0277,0.0254,0.3756,1236567900.0,544165900.0,0.4072,0.413,0.413,47451000.0,,47451000.0,0.6628,0.4559,SBAC
2018-09-30 00:00:00,1824918000.0,461022000.0,1363896000.0,137421000.0,512926000.0,-523541000.0,367348000.0,-10615000.0,-8575000.0,-2040000.0,-2040000.0,-0.02,0.7474,0.2811,-0.0058,-0.0011,0.3866,1193672100.0,512926000.0,-0.0271,-0.0195,-0.0195,-2040000.0,,-2040000.0,0.6541,0.4664,SBAC
2018-06-30 00:00:00,1791642000.0,455749000.0,1335893000.0,135072000.0,491931000.0,-464172000.0,353081000.0,27759000.0,-3218000.0,30977000.0,30977000.0,0.25,0.7456,0.2746,0.0155,0.0173,0.3869,1196111100.0,491931000.0,0.2401,0.2501,0.2501,30977000.0,,30977000.0,0.6676,0.4685,SBAC
2018-03-31 00:00:00,1762613000.0,450679000.0,1311934000.0,132523000.0,480650000.0,-364628000.0,337977000.0,116022000.0,18421000.0,97601000.0,97601000.0,0.83,0.7443,0.2727,0.0658,0.0554,0.3871,1170735000.0,480650000.0,0.8143,0.8249,0.8249,97601000.0,,97601000.0,0.6642,0.4679,SBAC
2017-12-31 00:00:00,1727674000.0,446312000.0,1281362000.0,130697000.0,458501000.0,-341610000.0,326628000.0,116891000.0,13237000.0,103654000.0,103654000.0,0.87,0.7417,0.2654,0.0677,0.06,0.3886,1155964000.0,458501000.0,0.8565,0.8647,0.8647,103654000.0,,103654000.0,0.6691,0.4737,SBAC
2017-09-30 00:00:00,1701107000.0,438049000.0,1263058000.0,133200000.0,446850100.0,-330149000.0,318524000.0,116701000.0,15451000.0,101250000.0,101250000.0,0.84,0.7425,0.2627,0.0686,0.0595,0.3908,1155574100.0,446850000.0,0.8377,0.8439,0.8439,101250000.0,,101250000.0,0.6793,0.4743,SBAC
2017-06-30 00:00:00,1678481000.0,432049000.0,1246432000.0,132896000.0,438049100.0,-387683000.0,320453000.0,50366000.0,13647000.0,36719000.0,36719000.0,0.31,0.7426,0.261,0.03,0.0219,0.3892,1119118100.0,438049000.0,0.3081,0.31,0.31,36719000.0,,36719000.0,0.6667,0.4718,SBAC
2017-03-31 00:00:00,1656719000.0,429272000.0,1227447000.0,147166000.0,397525100.0,-325070000.0,325422000.0,72455000.0,12258000.0,60197000.0,60197000.0,0.49,0.7409,0.2399,0.0437,0.0363,0.3806,1086057100.0,397525000.0,0.4928,0.4954,0.4954,60197000.0,,60197000.0,0.6555,0.4649,SBAC
2016-12-31 00:00:00,1633125000.0,420897000.0,1212228000.0,143349000.0,387308100.0,-300005000.0,331374000.0,87303000.0,11065000.0,76238000.0,76238000.0,0.61,0.7423,0.2372,0.0535,0.0467,0.369,1072326100.0,387308000.0,0.6092,0.6126,0.6126,76238000.0,,76238000.0,0.6566,0.4547,SBAC
2016-09-30 00:00:00,1623561000.0,424074000.0,1199487100.0,139258000.0,362002100.0,-252279000.0,336793000.0,109723000.0,7728000.0,101995000.0,101995000.0,0.82,0.7388,0.223,0.0676,0.0628,0.3479,1024314100.0,362002100.0,0.8075,0.8093,0.8093,101995000.0,,101995000.0,0.6309,0.4407,SBAC
2016-06-30 00:00:00,1622977000.0,430339000.0,1192638100.0,134875000.0,296875100.0,-327376000.0,335108000.0,-30501000.0,8080000.0,-38581000.0,-38581000.0,-0.29,0.7348,0.1829,-0.0188,-0.0238,0.3335,972614100.0,296875100.0,-0.2954,-0.2936,-0.2936,-38581000.0,,-38581000.0,0.5993,0.4327,SBAC
2016-03-31 00:00:00,1628149000.0,435884000.0,1192265100.0,115473000.0,320972100.0,-355656000.0,330196000.0,-34684000.0,8303000.0,-42987000.0,-42987000.0,-0.33,0.7323,0.1971,-0.0213,-0.0264,0.3148,993012100.0,320972100.0,-0.3377,-0.3353,-0.3353,-42987000.0,,-42987000.0,0.6099,0.4233,SBAC
2015-12-31 00:00:00,1638474000.0,444399000.0,1194075100.0,114951000.0,312456100.0,-479051000.0,323871000.0,-166595000.0,9061000.0,-175656000.0,-175656000.0,-1.37,0.7288,0.1907,-0.1017,-0.1072,0.3139,991631100.0,312456100.0,-1.3745,-1.3746,-1.3746,-175656000.0,,-175656000.0,0.6052,0.4413,SBAC
2015-09-30 00:00:00,1636266000.0,446959000.0,1189307000.0,112629000.0,326917900.0,-522163000.0,316674000.0,-195245000.0,11037000.0,-206282000.0,-206282000.0,-1.62,0.7268,0.1998,-0.1193,-0.1261,0.2943,1024506900.0,326917900.0,-1.6164,-1.6153,-1.6153,-206282000.0,,-206282000.0,0.6261,0.4423,SBAC
2015-06-30 00:00:00,1618824000.0,447102000.0,1171722000.0,111346000.0,373318900.0,-430186000.0,320754000.0,-56867000.0,10093000.0,-66960000.0,-66960000.0,-0.52,0.7238,0.2306,-0.0351,-0.0414,0.2826,1073685900.0,373318900.0,-0.5189,-0.5178,-0.5178,-66960000.0,,-66960000.0,0.6633,0.4416,SBAC
2015-03-31 00:00:00,1591540000.0,442428000.0,1149112000.0,108525000.0,358472900.0,-453293000.0,321315000.0,-94820000.0,9912000.0,-104732000.0,-104732000.0,-0.81,0.722,0.2252,-0.0596,-0.0658,0.2799,1049218900.0,358472900.0,-0.8101,-0.8109,-0.8109,-104732000.0,,-104732000.0,0.6592,0.4351,SBAC
2014-12-31 00:00:00,1526996000.0,428485000.0,1098511000.0,103317000.0,336522900.0,-352183000.0,319712000.0,-15660000.0,8635000.0,-24295000.0,-24295000.0,-0.19,0.7194,0.2204,-0.0103,-0.0159,0.3033,999550900.0,336522900.0,-0.1884,-0.1885,-0.1885,-24295000.0,,-24295000.0,0.6546,0.4416,SBAC
2014-09-30 00:00:00,1457659000.0,417019000.0,1040640000.0,98417000.0,299381000.0,-341269000.0,315945000.0,-41888000.0,1961000.0,-43849000.0,-43849000.0,-0.34,0.7139,0.2054,-0.0287,-0.0301,0.3039,938552000.0,299381000.0,-0.3296,-0.34,-0.34,-43849000.0,,-43849000.0,0.6439,0.4389,SBAC
2014-06-30 00:00:00,1396460000.0,408438000.0,988022000.0,93655000.0,273799000.0,-278307000.0,302168000.0,-4508000.0,1186000.0,-5694000.0,-5694000.0,-0.04,0.7075,0.1961,-0.0032,-0.0041,0.3104,878797000.0,273799000.0,-0.0435,-0.0428,-0.0428,-5694000.0,,-5694000.0,0.6293,0.4328,SBAC
2014-03-31 00:00:00,1337345000.0,404725000.0,932620000.0,89721000.0,240016000.0,-271124000.0,297638000.0,-31108000.0,1018000.0,-32126000.0,-32126000.0,-0.25,0.6974,0.1795,-0.0233,-0.024,0.2983,832168000.0,240016000.0,-0.2512,-0.2505,-0.2505,-32126000.0,,-32126000.0,0.6223,0.4214,SBAC
2013-12-31 00:00:00,1304866000.0,408253000.0,896613000.0,85476000.0,229645000.0,-286863000.0,298136000.0,-57218000.0,-1309000.0,-55909000.0,-55909000.0,-0.44,0.6871,0.176,-0.0438,-0.0428,0.2519,802358000.0,229645000.0,-0.4375,-0.4375,-0.4375,-55909000.0,,-55909000.0,0.6149,0.3813,SBAC
2013-09-30 00:00:00,1263310900.0,397141000.0,866169900.0,83389000.0,201249000.0,-287300000.0,302061000.0,-86051000.0,3226000.0,-89277000.0,-89233000.0,-0.7,0.6856,0.1593,-0.0681,-0.0706,0.1662,754080000.0,201249000.0,-0.7356,-0.7199,-0.7255,-89277000.0,,-89330000.0,0.5969,0.3534,SBAC
2013-06-30 00:00:00,1169822900.0,365529000.0,804293900.0,79127000.0,178418000.0,-338846000.0,297884000.0,-160428000.0,4048000.0,-164476000.0,-163209000.0,-1.3,0.6875,0.1525,-0.1371,-0.1395,0.2437,705624000.0,178418000.0,-1.3339,-1.3214,-1.3339,-164476000.0,,-163560000.0,0.6032,0.3593,SBAC
2013-03-31 00:00:00,1074664900.0,328009000.0,746655900.0,75364000.0,163622000.0,-342407000.0,283941000.0,-178785000.0,4626000.0,-183411000.0,-180782000.0,-1.46,0.6948,0.1523,-0.1664,-0.1682,0.2273,636049000.0,163622000.0,-1.5028,-1.4809,-1.5028,-183411000.0,,-181115000.0,0.5919,0.3435,SBAC
2012-12-31 00:00:00,954083900.0,279507000.0,674576900.0,72148000.0,147146000.0,-324238000.0,266351000.0,-177092000.0,6594000.0,-183686000.0,-181037000.0,-1.48,0.707,0.1542,-0.1856,-0.1897,0.2386,574866000.0,147146000.0,-1.53,-1.5081,-1.53,-183686000.0,2296000.0,-181390000.0,0.6025,0.3573,SBAC
