Date,Revenue,Gross Profit,SG&A Expenses,Operating Income,Non-operating Income/Expense,EBT,Income Tax Provision,Income after Tax,Net Income Common,EPS (Basic),Gross Margin,EBIT Margin,EBT margin,Net Profit Margin,Free Cash Flow Margin,EBITDA,EBIT,"EPS (Diluted, from Cont. Ops)","EPS (Basic, Consolidated)","EPS (Basic, from Continuous Ops)",Income from Continuous Operations,Consolidated Net Income/Loss,EBITDA Margin,Operating Cash Flow Margin,Ticker
2022-09-30 00:00:00,19973000000.0,19973000000.0,8985000000.0,9753000000.0,-940000000.0,8813000000.0,2018000000.0,6795000000.0,6263000000.0,3.31,1.0,0.4883,0.4412,0.3136,0.4366,12713000000.0,9753000000.0,3.5746,3.5917,3.5917,6795000000.0,6795000000.0,0.6365,0.4908,SCHW
2022-06-30 00:00:00,19043000000.0,19043000000.0,8795000000.0,9039000000.0,-892000000.0,8147000000.0,1846000000.0,6301000000.0,5785000000.0,3.05,1.0,0.4747,0.4278,0.3038,0.0807,12238000000.0,9039000000.0,3.3126,3.3295,3.3295,6301000000.0,6301000000.0,0.6427,0.1346,SCHW
2022-03-31 00:00:00,18477000000.0,18477000000.0,8641000000.0,8651000000.0,-1059000000.0,7592000000.0,1819000000.0,5773000000.0,5250000000.0,2.77,1.0,0.4682,0.4109,0.2841,0.481,12044000000.0,8651000000.0,3.0381,3.0545,3.0545,5773000000.0,5773000000.0,0.6518,0.5365,SCHW
2021-12-31 00:00:00,18520000000.0,18520000000.0,8492000000.0,8864000000.0,-1151000000.0,7713000000.0,1858000000.0,5855000000.0,5360000000.0,2.84,1.0,0.4786,0.4165,0.2894,0.0649,12374000000.0,8864000000.0,3.0865,3.1028,3.1028,5855000000.0,5855000000.0,0.6681,0.1144,SCHW
2021-09-30 00:00:00,17988000000.0,17988000000.0,8487000000.0,8359000000.0,-1193000000.0,7166000000.0,1756000000.0,5410000000.0,4961000000.0,2.64,1.0,0.4647,0.3984,0.2758,0.4985,11859000000.0,8359000000.0,2.8822,2.8959,2.8959,5410000000.0,5410000000.0,0.6593,0.5412,SCHW
2021-06-30 00:00:00,15866000000.0,15866000000.0,7753000000.0,7142000000.0,-1098000000.0,6044000000.0,1462000000.0,4582000000.0,4170000000.0,2.38,1.0,0.4501,0.3809,0.2628,0.4488,10412000000.0,7142000000.0,2.6176,2.6291,2.6291,4582000000.0,4582000000.0,0.6562,0.4942,SCHW
2021-03-31 00:00:00,13789000000.0,13789000000.0,6972000000.0,6026000000.0,-813000000.0,5213000000.0,1225000000.0,3988000000.0,3674000000.0,2.27,1.0,0.437,0.3781,0.2664,-0.6287,8837000000.0,6026000000.0,2.4689,2.4794,2.4794,3988000000.0,3988000000.0,0.6409,-0.5808,SCHW
2020-12-31 00:00:00,11691000000.0,11691000000.0,6179000000.0,4908000000.0,-608000000.0,4300000000.0,1001000000.0,3299000000.0,3043000000.0,2.12,1.0,0.4198,0.3678,0.2603,0.5321,7098000000.0,4908000000.0,2.2989,2.3086,2.3086,3299000000.0,3299000000.0,0.6071,0.5861,SCHW
2020-09-30 00:00:00,10121000000.0,10121000000.0,5307000000.0,4393000000.0,-457000000.0,3936000000.0,920000000.0,3016000000.0,2794000000.0,2.17,1.0,0.434,0.3889,0.2761,-0.2726,5990000000.0,4393000000.0,2.3332,2.3452,2.3452,3016000000.0,3016000000.0,0.5918,-0.2076,SCHW
2020-06-30 00:00:00,10384000000.0,10384000000.0,5282000000.0,4715000000.0,-432000000.0,4283000000.0,1014000000.0,3269000000.0,3092000000.0,2.39,1.0,0.4541,0.4125,0.2978,0.255,5900000000.0,4715000000.0,2.5209,2.5352,2.5352,3269000000.0,3269000000.0,0.5682,0.3256,SCHW
2020-03-31 00:00:00,10615000000.0,10615000000.0,5222000000.0,5031000000.0,-400000000.0,4631000000.0,1096000000.0,3535000000.0,3358000000.0,2.58,1.0,0.474,0.4363,0.3163,2.0078,5961000000.0,5031000000.0,2.7032,2.7198,2.7198,3535000000.0,3535000000.0,0.5616,2.0761,SCHW
2019-12-31 00:00:00,10721000000.0,10721000000.0,5141000000.0,5231000000.0,-383000000.0,4848000000.0,1144000000.0,3704000000.0,3526000000.0,2.68,1.0,0.4879,0.4522,0.3289,0.8037,6026000000.0,5231000000.0,2.8061,2.8253,2.8253,3704000000.0,3704000000.0,0.5621,0.8698,SCHW
2019-09-30 00:00:00,10784000000.0,10784000000.0,5109000000.0,5340000000.0,-394000000.0,4946000000.0,1159000000.0,3787000000.0,3610000000.0,2.72,1.0,0.4952,0.4586,0.3348,1.1255,6031000000.0,5340000000.0,2.8355,2.856,2.856,3787000000.0,3787000000.0,0.5593,1.189,SCHW
2019-06-30 00:00:00,10652000000.0,10652000000.0,4960000000.0,5367000000.0,-438000000.0,4929000000.0,1170000000.0,3759000000.0,3582000000.0,2.68,1.0,0.5038,0.4627,0.3363,0.7574,6014000000.0,5367000000.0,2.7851,2.8077,2.8077,3759000000.0,3759000000.0,0.5646,0.8163,SCHW
2019-03-31 00:00:00,10457000000.0,10457000000.0,4861000000.0,5280000000.0,-456000000.0,4824000000.0,1136000000.0,3688000000.0,3508000000.0,2.61,1.0,0.5049,0.4613,0.3355,0.8632,5918000000.0,5280000000.0,2.7192,2.7436,2.7436,3688000000.0,3688000000.0,0.5659,0.9193,SCHW
2018-12-31 00:00:00,10132000000.0,10132000000.0,4762000000.0,5064000000.0,-502000000.0,4562000000.0,1055000000.0,3507000000.0,3329000000.0,2.47,1.0,0.4998,0.4503,0.3286,1.1731,5720000000.0,5064000000.0,2.5768,2.6017,2.6017,3507000000.0,3507000000.0,0.5645,1.2294,SCHW
2018-09-30 00:00:00,9705000000.0,9705000000.0,4593000000.0,4817000000.0,-512000000.0,4305000000.0,1136000000.0,3169000000.0,2994000000.0,2.22,1.0,0.4963,0.4436,0.3085,0.0857,5490000000.0,4817000000.0,2.3265,2.3506,2.3506,3169000000.0,3169000000.0,0.5657,0.1406,SCHW
2018-06-30 00:00:00,9291000000.0,9291000000.0,4483000000.0,4522000000.0,-491000000.0,4031000000.0,1167000000.0,2864000000.0,2684000000.0,1.99,1.0,0.4867,0.4339,0.2889,0.3132,5189000000.0,4522000000.0,2.1066,2.1289,2.1289,2864000000.0,2864000000.0,0.5585,0.3658,SCHW
2018-03-31 00:00:00,8935000000.0,8935000000.0,4368000000.0,4290000000.0,-481000000.0,3809000000.0,1236000000.0,2573000000.0,2401000000.0,1.79,1.0,0.4801,0.4263,0.2687,0.0609,4933000000.0,4290000000.0,1.8973,1.9171,1.9171,2573000000.0,2573000000.0,0.5521,0.1104,SCHW
2017-12-31 00:00:00,8618000000.0,8618000000.0,4252000000.0,4097000000.0,-447000000.0,3650000000.0,1296000000.0,2354000000.0,2180000000.0,1.63,1.0,0.4754,0.4235,0.253,-0.1438,4708000000.0,4097000000.0,1.7399,1.758,1.758,2354000000.0,2354000000.0,0.5463,-0.0974,SCHW
2017-09-30 00:00:00,8348000000.0,8348000000.0,4135000000.0,3952000000.0,-431000000.0,3521000000.0,1242000000.0,2279000000.0,2108000000.0,1.58,1.0,0.4734,0.4218,0.2525,0.5677,4538000000.0,3952000000.0,1.69,1.7064,1.7064,2279000000.0,2279000000.0,0.5436,0.6085,SCHW
2017-06-30 00:00:00,8097000000.0,8097000000.0,4052000000.0,3793000000.0,-423000000.0,3370000000.0,1206000000.0,2164000000.0,2003000000.0,1.51,1.0,0.4684,0.4162,0.2474,0.112,4352000000.0,3793000000.0,1.6103,1.6248,1.6248,2164000000.0,2164000000.0,0.5375,0.1509,SCHW
2017-03-31 00:00:00,7795000000.0,7795000000.0,3969000000.0,3583000000.0,-402000000.0,3181000000.0,1140000000.0,2041000000.0,1879000000.0,1.42,1.0,0.4597,0.4081,0.2411,0.2598,4118000000.0,3583000000.0,1.5238,1.537,1.537,2041000000.0,2041000000.0,0.5283,0.3072,SCHW
2016-12-31 00:00:00,7478000000.0,7478000000.0,3872000000.0,3372000000.0,-379000000.0,2993000000.0,1104000000.0,1889000000.0,1746000000.0,1.33,1.0,0.4509,0.4002,0.2335,0.4355,3872000000.0,3372000000.0,1.4161,1.4267,1.4267,1889000000.0,1889000000.0,0.5178,0.4818,SCHW
2016-09-30 00:00:00,7197000000.0,7197000000.0,3793000000.0,3173000000.0,-359000000.0,2814000000.0,1031000000.0,1783000000.0,1646000000.0,1.26,1.0,0.4409,0.391,0.2287,0.2129,3628000000.0,3173000000.0,1.3388,1.3495,1.3495,1783000000.0,1783000000.0,0.5041,0.2593,SCHW
2016-06-30 00:00:00,6880000000.0,6880000000.0,3702000000.0,2950000000.0,-347000000.0,2603000000.0,947000000.0,1656000000.0,1541000000.0,1.18,1.0,0.4288,0.3783,0.224,0.4608,3370000000.0,2950000000.0,1.2448,1.2553,1.2553,1656000000.0,1656000000.0,0.4898,0.5096,SCHW
2016-03-31 00:00:00,6618000000.0,6618000000.0,3600000000.0,2792000000.0,-342000000.0,2450000000.0,893000000.0,1557000000.0,1465000000.0,1.12,1.0,0.4219,0.3702,0.2214,0.2894,3188000000.0,2792000000.0,1.1719,1.182,1.182,1557000000.0,1557000000.0,0.4817,0.3297,SCHW
2015-12-31 00:00:00,6380000000.0,6380000000.0,3535000000.0,2621000000.0,-342000000.0,2279000000.0,832000000.0,1447000000.0,1364000000.0,1.04,1.0,0.4108,0.3572,0.2138,0.1536,3007000000.0,2621000000.0,1.0904,1.1003,1.1003,1447000000.0,1447000000.0,0.4713,0.1953,SCHW
2015-09-30 00:00:00,6240000000.0,6240000000.0,3493000000.0,2527000000.0,-339000000.0,2188000000.0,807000000.0,1381000000.0,1315000000.0,1.0,1.0,0.405,0.3506,0.2107,0.1474,2900000000.0,2527000000.0,1.0428,1.059,1.059,1381000000.0,1381000000.0,0.4647,0.1946,SCHW
2015-06-30 00:00:00,6194000000.0,6194000000.0,3529000000.0,2453000000.0,-330000000.0,2123000000.0,797000000.0,1326000000.0,1262000000.0,0.96,1.0,0.396,0.3428,0.2037,0.1211,2809000000.0,2453000000.0,1.0036,1.0172,1.0172,1326000000.0,1326000000.0,0.4535,0.1792,SCHW
2015-03-31 00:00:00,6106000000.0,6106000000.0,3505000000.0,2396000000.0,-319000000.0,2077000000.0,780000000.0,1297000000.0,1234000000.0,0.94,1.0,0.3924,0.3402,0.2021,0.0937,2737000000.0,2396000000.0,0.9842,0.9954,0.9954,1297000000.0,1297000000.0,0.4482,0.1595,SCHW
2014-12-31 00:00:00,6058000000.0,6058000000.0,3433000000.0,2426000000.0,-311000000.0,2115000000.0,794000000.0,1321000000.0,1261000000.0,0.96,1.0,0.4005,0.3491,0.2082,0.3216,2750000000.0,2426000000.0,1.0046,1.0139,1.0139,1321000000.0,1321000000.0,0.4539,0.3876,SCHW
2014-09-30 00:00:00,5942000000.0,5942000000.0,3387000000.0,2361000000.0,-302000000.0,2059000000.0,769000000.0,1290000000.0,1229000000.0,0.94,1.0,0.3973,0.3465,0.2068,0.3258,2679000000.0,2361000000.0,0.9845,0.9897,0.9897,1290000000.0,1290000000.0,0.4509,0.3903,SCHW
2014-06-30 00:00:00,5764000000.0,5764000000.0,3255000000.0,2313000000.0,-308000000.0,2005000000.0,746000000.0,1259000000.0,1199000000.0,0.92,1.0,0.4013,0.3478,0.208,0.2932,2637000000.0,2313000000.0,0.9644,0.9696,0.9696,1259000000.0,1259000000.0,0.4575,0.3458,SCHW
2014-03-31 00:00:00,5623000000.0,5623000000.0,3221000000.0,2203000000.0,-307000000.0,1896000000.0,705000000.0,1191000000.0,1130000000.0,0.87,1.0,0.3918,0.3372,0.201,0.3272,2547000000.0,2203000000.0,0.9164,0.9216,0.9216,1191000000.0,1191000000.0,0.453,0.3722,SCHW
2013-12-31 00:00:00,5435000000.0,5435000000.0,3228000000.0,2005000000.0,-300000000.0,1705000000.0,634000000.0,1071000000.0,1010000000.0,0.78,1.0,0.3689,0.3137,0.1858,0.2589,2369000000.0,2005000000.0,0.8284,0.8336,0.8336,1071000000.0,1071000000.0,0.4359,0.3047,SCHW
2013-09-30 00:00:00,5215000000.0,5215000000.0,3165000000.0,1847000000.0,-296000000.0,1551000000.0,588000000.0,963000000.0,902000000.0,0.7,1.0,0.3542,0.2974,0.173,0.2878,2238000000.0,1847000000.0,0.7484,0.7482,0.7482,963000000.0,963000000.0,0.4291,0.3294,SCHW
2013-06-30 00:00:00,5038000000.0,5038000000.0,3110000000.0,1726000000.0,-278000000.0,1448000000.0,528000000.0,920000000.0,858000000.0,0.67,1.0,0.3426,0.2874,0.1703,0.2936,2144000000.0,1726000000.0,0.7183,0.7183,0.7183,920000000.0,920000000.0,0.4256,0.3299,SCHW
2013-03-31 00:00:00,4984000000.0,4984000000.0,3041000000.0,1744000000.0,-276000000.0,1468000000.0,529000000.0,939000000.0,886000000.0,0.69,1.0,0.3499,0.2945,0.1778,0.1294,2157000000.0,1744000000.0,0.7354,0.7354,0.7354,939000000.0,939000000.0,0.4328,0.1605,SCHW
2012-12-31 00:00:00,4883000000.0,4883000000.0,2963000000.0,1724000000.0,-274000000.0,1450000000.0,522000000.0,928000000.0,883000000.0,0.69,1.0,0.3531,0.2969,0.1808,0.229,2142000000.0,1724000000.0,0.7279,0.7279,0.7279,928000000.0,928000000.0,0.4387,0.2593,SCHW
