Date,Revenue,Cost of Revenue,Gross Profit,SG&A Expenses,Operating Income,Interest Expense (Operating),Non-operating Income/Expense,Non-operating Interest Expenses,EBT,Income Tax Provision,Income after Tax,Net Income Common,EPS (Basic),Gross Margin,EBIT Margin,EBT margin,Net Profit Margin,Free Cash Flow Margin,EBITDA,EBIT,"EPS (Diluted, from Cont. Ops)","EPS (Diluted, from Disc. Ops)","EPS (Basic, Consolidated)","EPS (Basic, from Discontinued Ops)","EPS (Basic, from Continuous Ops)",Income from Continuous Operations,Consolidated Net Income/Loss,EBITDA Margin,Operating Cash Flow Margin,Ticker
2022-09-30 00:00:00,21680500000.0,12709501000.0,8970999000.0,5878200000.0,2778700200.0,379000000.0,-391600000.0,367400000.0,2387100100.0,449300000.0,1937800200.0,1937800000.0,7.5,0.4138,0.1282,0.1101,0.0894,0.0625,3357700300.0,2778700700.0,7.4015,,7.5041,,7.5041,1937800200.0,1937800200.0,0.1549,0.0872,SHW
2022-06-30 00:00:00,20779800000.0,12258601000.0,8521199000.0,5731800000.0,2480400400.0,361000000.0,-359000000.0,349300000.0,2121400100.0,366500000.0,1754900200.0,1754900000.0,6.76,0.4101,0.1194,0.1021,0.0845,0.079,3052900400.0,2480400900.0,6.6613,,6.7653,,6.7653,1754900200.0,1754900200.0,0.1469,0.1009,SHW
2022-03-31 00:00:00,20287300000.0,11803701000.0,8483599000.0,5640900000.0,2534400400.0,351000000.0,-333700000.0,339900000.0,2200700100.0,375100000.0,1825600200.0,1825600000.0,6.99,0.4182,0.1249,0.1085,0.09,0.0974,3112500400.0,2534400900.0,6.8759,,6.9942,,6.9942,1825600200.0,1825600200.0,0.1534,0.1178,SHW
2021-12-31 00:00:00,19944600000.0,11401901000.0,8542699000.0,5674300000.0,2558899900.0,346000000.0,-310300000.0,334700000.0,2248600100.0,384200000.0,1864400200.0,1864400000.0,7.1,0.4283,0.1283,0.1127,0.0935,0.1042,3137899900.0,2558900400.0,6.9802,,7.1024,,7.1024,1864400200.0,1864400200.0,0.1573,0.1228,SHW
2021-09-30 00:00:00,19671299000.0,10879600000.0,8791699000.0,5730600000.0,2748699700.0,343000000.0,-305100000.0,332600000.0,2443600000.0,476200000.0,1967399800.0,1967400100.0,7.4433,0.4469,0.1397,0.1242,0.1,0.1341,3337799700.0,2748699200.0,7.3122,,7.4408,,7.4408,1967399800.0,1967399800.0,0.1697,0.1523,SHW
2021-06-30 00:00:00,19646799000.0,10539400000.0,9107399000.0,5780100000.0,3012399900.0,343000000.0,-304700000.0,332800000.0,2707700000.0,536700000.0,2170999800.0,2171000100.0,8.1233,0.4636,0.1533,0.1378,0.1105,0.164,3607999600.0,3012399400.0,7.983,,8.1198,,8.1198,2170999800.0,2170999800.0,0.1836,0.1799,SHW
2021-03-31 00:00:00,18870999000.0,9966100000.0,8904899000.0,5637700000.0,2952699700.0,348000000.0,-316800000.0,337400000.0,2635900000.0,517600000.0,2118299800.0,2118300100.0,7.85,0.4719,0.1565,0.1397,0.1123,0.1742,3543199400.0,2952699200.0,7.7208,,7.8475,,7.8475,2118299800.0,2118299800.0,0.1878,0.1881,SHW
2020-12-31 00:00:00,18361699000.0,9679100000.0,8682599000.0,5505600000.0,2863600100.0,351000000.0,-344400000.0,340400000.0,2519200000.0,488800000.0,2030399800.0,2030400100.0,7.4867,0.4729,0.156,0.1372,0.1106,0.1691,3454499800.0,2863599600.0,7.3618,,7.484,,7.484,2030399800.0,2030399800.0,0.1881,0.1856,SHW
2020-09-30 00:00:00,17987301000.0,9539400000.0,8447901000.0,5393600000.0,2741701200.0,353000000.0,-429000000.0,341400000.0,2312700000.0,440700000.0,1872000100.0,1872000100.0,6.8767,0.4697,0.1524,0.1286,0.1041,0.1627,3450900900.0,2741701400.0,6.7642,,6.8761,,6.8761,1872000100.0,1872000100.0,0.1919,0.1792,SHW
2020-06-30 00:00:00,17732801000.0,9514600000.0,8218201000.0,5333500000.0,2573301000.0,,-426400000.0,343400000.0,2146900000.0,404200000.0,1742700100.0,1742700100.0,6.37,0.4634,0.1451,0.1211,0.0983,0.1294,3280501100.0,2573301200.0,6.2627,,6.3702,,6.3702,1742700100.0,1742700100.0,0.185,0.1488,SHW
2020-03-31 00:00:00,18006601000.0,9815900000.0,8190701000.0,5381800000.0,2496801000.0,,-421600000.0,344500000.0,2075200000.0,457400000.0,1617800100.0,1617800100.0,5.8833,0.4549,0.1387,0.1152,0.0898,0.1126,3203801100.0,2496801200.0,5.7809,,5.8852,,5.8852,1617800100.0,1617800100.0,0.1779,0.134,SHW
2019-12-31 00:00:00,17900801000.0,9864700000.0,8036101000.0,5314000000.0,2409300500.0,,-427500000.0,349300000.0,1981800000.0,440500000.0,1541300100.0,1541300100.0,5.5966,0.4489,0.1346,0.1107,0.0861,0.1113,3115500600.0,2409300700.0,5.4988,,5.5966,,5.5966,1541300100.0,1541300100.0,0.174,0.1297,SHW
2019-09-30 00:00:00,17850627000.0,10025808000.0,7824820000.0,5325113000.0,2186224800.0,,-399752000.0,354865000.0,1786475000.0,392833000.0,1393642000.0,1393642000.0,5.0566,0.4383,0.1225,0.1001,0.0781,0.1044,2771279900.0,2186225800.0,4.9633,,5.058,,5.058,1393642000.0,1393642000.0,0.1552,0.1218,SHW
2019-06-30 00:00:00,17714397000.0,10104774000.0,7609624000.0,5252505000.0,2041060100.0,,-548434000.0,361846000.0,1492628000.0,321459000.0,1171169000.0,1171169000.0,4.23,0.4296,0.1152,0.0843,0.0661,0.1042,2631772000.0,2041061100.0,4.1507,,4.2328,,4.2328,1171169000.0,1171169000.0,0.1486,0.1198,SHW
2019-03-31 00:00:00,17610393000.0,10143542000.0,7466852000.0,5248845000.0,1906155300.0,,-551143000.0,366153000.0,1355014000.0,251241000.0,1103773000.0,1103773000.0,3.9667,0.424,0.1082,0.0769,0.0627,0.0912,2500866200.0,1906156300.0,3.8906,,3.9699,,3.9699,1103773000.0,1103773000.0,0.142,0.106,SHW
2018-12-31 00:00:00,17534499000.0,10115901000.0,7418599000.0,5222900000.0,1877598700.0,,-517900000.0,366700000.0,1359700000.0,251000000.0,1108700000.0,1108700000.0,3.97,0.4231,0.1071,0.0775,0.0632,0.0965,2485998600.0,1877599700.0,3.8906,,3.9742,,3.9742,1108700000.0,1108700000.0,0.1418,0.1109,SHW
2018-09-30 00:00:00,17449847000.0,9974666000.0,7475182000.0,5177125000.0,1971037200.0,,-487442000.0,366818000.0,1483595100.0,-377254000.0,1860849100.0,1860789100.0,6.8134,0.4284,0.113,0.085,0.1066,0.1038,2645975100.0,1971037700.0,6.5244,,6.6659,,6.6639,1860849100.0,1860789100.0,0.1516,0.1178,SHW
2018-06-30 00:00:00,17225397000.0,9858793000.0,7366605000.0,5204044000.0,1831906800.0,,-336543000.0,366130000.0,1495364100.0,-328064000.0,1823428100.0,1823368100.0,6.68,0.4277,0.1063,0.0868,0.1059,0.095,2587123800.0,1831907300.0,6.394,,6.5332,,6.5296,1823428100.0,1823368100.0,0.1502,0.109,SHW
2018-03-31 00:00:00,16187418000.0,9124825000.0,7062594000.0,5024758000.0,1752156800.0,,-285876000.0,329352000.0,1466281100.0,-314194000.0,1780475100.0,1738875100.0,6.38,0.4363,0.1082,0.0906,0.1074,0.0908,2475696800.0,1752157300.0,6.2428,,6.2311,,6.3785,1780475100.0,1738875100.0,0.1529,0.1046,SHW
2017-12-31 00:00:00,14983799000.0,8265000000.0,6718800000.0,4818500000.0,1693499500.0,,-224200000.0,263500000.0,1469300100.0,-300200000.0,1769500100.0,1727900100.0,6.3467,0.4484,0.113,0.0981,0.1153,0.1109,2309399500.0,1693500000.0,6.2134,-0.4395,6.1992,-0.4492,6.3466,1769500100.0,1727900100.0,0.1541,0.1257,SHW
2017-09-30 00:00:00,13786815000.0,7420131000.0,6366684000.0,4508958000.0,1727290000.0,,-179926000.0,217395000.0,1547364100.0,427925000.0,1119439000.0,1077899000.0,3.8733,0.4618,0.1253,0.1122,0.0782,0.1009,2207537000.0,1727289800.0,3.9426,,3.878,,4.0272,1119439000.0,1077899000.0,0.1601,0.1161,SHW
2017-06-30 00:00:00,12559257000.0,6457975000.0,6101282000.0,4248341000.0,1798032900.0,,-142771000.0,169902000.0,1655262100.0,465696000.0,1189566000.0,1148026000.0,4.14,0.4858,0.1432,0.1318,0.0914,0.0936,2115447900.0,1798032700.0,4.1926,,4.1444,,4.2939,1189566000.0,1148026000.0,0.1684,0.1103,SHW
2017-03-31 00:00:00,12042965000.0,6040399000.0,6002566000.0,4144016000.0,1826975800.0,,-141503000.0,154051000.0,1685473100.0,478494000.0,1206979000.0,1206979000.0,4.3666,0.4984,0.1517,0.14,0.1002,0.1141,2095316800.0,1826975600.0,4.2559,,4.3716,,4.3705,1206979000.0,1206979000.0,0.174,0.1331,SHW
2016-12-31 00:00:00,11855602000.0,5934344000.0,5921258000.0,4152628000.0,1743225800.0,,-147993000.0,154088000.0,1595233100.0,462530000.0,1132703000.0,1132703000.0,4.0433,0.4994,0.147,0.1346,0.0955,0.0902,2015150800.0,1743225600.0,3.9967,,4.1111,,4.11,1132703000.0,1132703000.0,0.17,0.1104,SHW
2016-09-30 00:00:00,11677607000.0,5820910000.0,5856697000.0,4098507000.0,1716186500.0,,-127766000.0,130270000.0,1588419900.0,460730000.0,1127689900.0,1127690000.0,4.0267,0.5015,0.147,0.136,0.0966,0.1081,1960975500.0,1716186300.0,3.9759,,4.0946,,4.0935,1127690000.0,1127690000.0,0.1679,0.1294,SHW
2016-06-30 00:00:00,11550430000.0,5755606000.0,5794824000.0,4050355000.0,1710648400.0,,-107126000.0,103165000.0,1603521900.0,488074000.0,1115447900.0,1115448000.0,3.9734,0.5017,0.1481,0.1388,0.0966,0.1167,1935618400.0,1710648200.0,3.9378,,4.0473,,4.0475,1115448000.0,1115448000.0,0.1676,0.1393,SHW
2016-03-31 00:00:00,11463044000.0,5774135000.0,5688909000.0,4008321000.0,1652351500.0,,-80261000.0,75172000.0,1572089900.0,484769000.0,1087320900.0,1087321000.0,3.8601,0.4963,0.1441,0.1371,0.0949,0.1044,1858852500.0,1652351300.0,3.8409,,3.9387,,3.9385,1087321000.0,1087321000.0,0.1622,0.1257,SHW
2015-12-31 00:00:00,11339304000.0,5779691000.0,5559613000.0,3915936000.0,1615440600.0,,-66474000.0,61791000.0,1548965900.0,495117000.0,1053848900.0,1053849000.0,3.7934,0.4903,0.1425,0.1366,0.0929,0.107,1817096700.0,1615440400.0,3.7166,,3.8102,,3.81,1053849000.0,1053849000.0,0.1602,0.1277,SHW
2015-09-30 00:00:00,11304120000.0,5849158000.0,5454962000.0,3950201000.0,1504760400.0,,-64145000.0,57643000.0,1440616000.0,452041000.0,988575000.0,992812000.0,3.5434,0.4826,0.1331,0.1274,0.0878,0.0779,1708109500.0,1504760700.0,3.4459,,3.549,,3.549,988575000.0,988575000.0,0.1511,0.0976,SHW
2015-06-30 00:00:00,11302405000.0,5951040000.0,5351365000.0,3943698000.0,1407666700.0,,-43725000.0,56673000.0,1363942000.0,423618000.0,940324000.0,942569000.0,3.3367,0.4735,0.1245,0.1207,0.0834,0.0777,1611643800.0,1407667000.0,3.2484,,3.3421,,3.3421,940324000.0,940324000.0,0.1426,0.0972,SHW
2015-03-31 00:00:00,11213261000.0,5982229000.0,5231032000.0,3904456000.0,1326575900.0,,-41186000.0,60162000.0,1285390000.0,403556000.0,881834000.0,882357000.0,3.0767,0.4665,0.1183,0.1146,0.0787,0.0799,1530273000.0,1326576200.0,3.0012,,3.0835,,3.0835,881834000.0,881834000.0,0.1365,0.099,SHW
2014-12-31 00:00:00,11129533000.0,5965049000.0,5164484000.0,3860448000.0,1304035900.0,,-45810000.0,64205000.0,1258226000.0,392339000.0,865887000.0,865887000.0,2.9934,0.464,0.1172,0.1131,0.0778,0.0792,1506204900.0,1304036200.0,2.9231,,3.0006,,3.0006,865887000.0,865887000.0,0.1353,0.0972,SHW
2014-09-30 00:00:00,11017180000.0,5946492000.0,5070688000.0,3809149000.0,1261538800.0,,-42955000.0,65733000.0,1218583000.0,369316000.0,849267000.0,844412000.0,2.9134,0.4603,0.1145,0.1106,0.0766,0.0901,1458538900.0,1261538600.0,2.8751,,2.9325,,2.9325,849267000.0,849267000.0,0.1324,0.1078,SHW
2014-06-30 00:00:00,10714027000.0,5818336000.0,4895691000.0,3703434000.0,1192256800.0,,-60259000.0,65102000.0,1131997000.0,346004000.0,785993000.0,781430000.0,2.6401,0.4569,0.1113,0.1057,0.0729,0.0888,1386281900.0,1192256600.0,2.6048,,2.6579,,2.6579,785993000.0,785993000.0,0.1294,0.1039,SHW
2014-03-31 00:00:00,10384921000.0,5665304000.0,4719617000.0,3571090000.0,1148526600.0,,-64875000.0,63797000.0,1083651000.0,331818000.0,751833000.0,747353000.0,2.4768,0.4545,0.1106,0.1043,0.072,0.0893,1338724700.0,1148526400.0,2.4444,,2.4958,,2.4958,751833000.0,751833000.0,0.1289,0.1051,SHW
2013-12-31 00:00:00,10185533000.0,5568966000.0,4616567000.0,3470200000.0,1146366500.0,,-60408000.0,62714000.0,1085958000.0,333397000.0,752561000.0,747965000.0,2.4668,0.4532,0.1125,0.1066,0.0734,0.09,1334160600.0,1146366300.0,2.4343,,2.4862,,2.4862,752561000.0,752561000.0,0.131,0.1064,SHW
2013-09-30 00:00:00,9950344000.0,5462448000.0,4487895900.0,3398737100.0,1089159300.0,,-58236000.0,57637000.0,1030923000.0,326433000.0,704490000.0,700053000.0,2.4601,0.451,0.1095,0.1036,0.0704,0.0939,1278178300.0,1089159000.0,2.2721,,2.3167,,2.3167,704490000.0,704490000.0,0.1285,0.1102,SHW
2013-06-30 00:00:00,9706153000.0,5363933000.0,4342219900.0,3309122100.0,1033098200.0,,-46639000.0,52601000.0,986459000.0,309982000.0,676477000.0,671775000.0,2.3567,0.4474,0.1064,0.1016,0.0692,0.0854,1220344200.0,1033097900.0,2.1709,,2.2156,,2.2156,676477000.0,676477000.0,0.1257,0.1018,SHW
2013-03-31 00:00:00,9565286000.0,5306048000.0,4259237900.0,3284806100.0,974432200.0,,-41054000.0,47762000.0,933378000.0,286375000.0,647003000.0,642032000.0,2.2633,0.4453,0.1019,0.0976,0.0671,0.0832,1159793200.0,974431900.0,2.0755,,2.1205,,2.1205,647003000.0,647003000.0,0.1213,0.0995,SHW
2012-12-31 00:00:00,9534462000.0,5328236000.0,4206225900.0,3264896100.0,941330300.0,,-34021000.0,42788000.0,907309000.0,276275000.0,631034000.0,625920000.0,2.2099,0.4412,0.0987,0.0952,0.0656,0.0766,1124618300.0,941330000.0,2.0238,,2.068,,2.068,631034000.0,631034000.0,0.118,0.0931,SHW
