Date,Revenue,Cost of Revenue,Gross Profit,R&D Expenses,SG&A Expenses,Operating Income,Interest Expense (Operating),Non-operating Income/Expense,Non-operating Interest Expenses,EBT,Income Tax Provision,Income after Tax,Net Income Common,EPS (Basic),Gross Margin,EBIT Margin,EBT margin,Net Profit Margin,Free Cash Flow Margin,EBITDA,EBIT,"EPS (Diluted, from Cont. Ops)","EPS (Basic, Consolidated)","EPS (Basic, from Continuous Ops)",Income from Continuous Operations,Consolidated Net Income/Loss,EBITDA Margin,Operating Cash Flow Margin,Ticker
2022-07-31 00:00:00,4945000000.0,1147000000.0,3798000000.0,1633000000.0,1104396000.0,1134953000.0,2000000.0,22000000.0,6000000.0,1102000000.0,75000000.0,1028016000.0,1033000000.0,6.59,0.768,0.2295,0.2229,0.2089,0.3203,1473000000.0,1134952800.0,6.5563,6.7165,6.7165,1028016000.0,1028000000.0,0.2979,0.347,SNPS
2022-04-30 00:00:00,4757000000.0,1051000000.0,3705000000.0,1559000000.0,1072689000.0,1102948000.0,3000000.0,45000000.0,4000000.0,1079000000.0,73000000.0,1006762000.0,1009000000.0,6.43,0.7789,0.2319,0.2268,0.2121,0.332,1421000000.0,1102947800.0,6.411,6.5801,6.5801,1006762000.0,1006000000.0,0.2987,0.357,SNPS
2022-01-31 00:00:00,4502323000.0,975986000.0,3525337000.0,1531345000.0,1052607000.0,933478000.0,4000000.0,78764000.0,3000000.0,954995000.0,48193000.0,907672000.0,909078000.0,5.82,0.783,0.2073,0.2121,0.2019,0.3032,1245136000.0,933477800.0,5.7693,5.9359,5.9359,907672000.0,906802000.0,0.2766,0.3275,SNPS
2021-10-31 00:00:00,4201644000.0,878985000.0,3321659000.0,1504813000.0,1039205000.0,734790000.0,4000000.0,117520000.0,2000000.0,805099000.0,49269000.0,756359000.0,757423000.0,4.89,0.7906,0.1749,0.1916,0.1803,0.3325,1017120000.0,734789800.0,4.8072,4.9533,4.9533,756359000.0,755830000.0,0.2421,0.3552,SNPS
2021-07-31 00:00:00,4076083000.0,860534000.0,3215549000.0,1430379000.0,1008859000.0,740634000.0,4000000.0,78954000.0,1000000.0,797665000.0,46280000.0,751777000.0,753878000.0,4.91,0.7889,0.1817,0.1957,0.185,0.2994,999416000.0,740633900.0,4.7887,4.934,4.934,751777000.0,751385000.0,0.2452,0.3249,SNPS
2021-04-30 00:00:00,3984217000.0,839542000.0,3144675000.0,1381981000.0,979831000.0,749309000.0,4000000.0,72210000.0,1000000.0,821519000.0,15223000.0,806296000.0,807789000.0,5.31,0.7893,0.1881,0.2062,0.2027,0.2963,1017664000.0,749308900.0,5.1458,5.3052,5.3052,806296000.0,806296000.0,0.2554,0.3268,SNPS
2021-01-31 00:00:00,3924028000.0,818564000.0,3105464000.0,1342238000.0,964355000.0,765676000.0,5000000.0,76702000.0,2000000.0,842378000.0,-22027000.0,864405000.0,865622000.0,4.76,0.7914,0.1951,0.2147,0.2206,0.2624,1039776000.0,765675900.0,5.5271,5.7007,5.7007,864405000.0,864405000.0,0.265,0.2994,SNPS
2020-10-31 00:00:00,3815034000.0,794830000.0,3020204000.0,1287341000.0,924913000.0,743223000.0,6000000.0,32217000.0,3000000.0,775440000.0,-36857000.0,812297000.0,813197000.0,4.39,0.7917,0.1948,0.2033,0.2132,0.3243,1019050000.0,743222900.0,5.2089,5.3681,5.3681,812297000.0,812297000.0,0.2671,0.362,SNPS
2020-07-31 00:00:00,3623976000.0,763149000.0,2860827000.0,1262058000.0,890217000.0,634607000.0,,48840000.0,,683447000.0,-36356000.0,719803000.0,719803000.0,4.16,0.7894,0.1751,0.1886,0.1986,0.2828,909264000.0,634607000.0,4.6285,4.7645,4.7645,719803000.0,719803000.0,0.2509,0.328,SNPS
2020-06-30 00:00:00,3510923200.0,752884000.0,2758039300.0,1229959100.0,884839100.0,553730300.0,,24486000.0,,578216000.0,-49390000.0,627606000.0,627606000.0,,0.7856,0.1577,0.1647,0.1788,0.2305,823800300.0,553730200.0,4.0396,4.1621,4.1621,627606000.0,627606000.0,0.2346,0.2878,SNPS
2020-04-30 00:00:00,3399759200.0,746508000.0,2653251300.0,1192161100.0,879358100.0,470726300.0,,3547000.0,,474273000.0,-351000.0,474624000.0,474624000.0,3.16,0.7804,0.1385,0.1395,0.1396,0.2255,737243300.0,470726200.0,3.0645,3.1567,3.1567,474624000.0,474624000.0,0.2169,0.2887,SNPS
2020-01-31 00:00:00,3374674200.0,752922000.0,2621752300.0,1179889100.0,885687100.0,460333300.0,,37691000.0,,498024000.0,15110000.0,482914000.0,482914000.0,3.22,0.7769,0.1364,0.1476,0.1431,0.2151,726130300.0,460333200.0,3.1206,3.2164,3.2164,482914000.0,482914000.0,0.2152,0.2828,SNPS
2019-10-31 00:00:00,3360694200.0,752946000.0,2607748300.0,1136932100.0,862108100.0,520231300.0,,25275000.0,,545506000.0,13139000.0,532367000.0,532367000.0,3.56,0.776,0.1548,0.1623,0.1584,0.178,784657300.0,520231200.0,3.4527,3.5521,3.5521,532367000.0,532367000.0,0.2335,0.2382,SNPS
2019-07-31 00:00:00,3304695300.0,760785000.0,2543910200.0,1137304000.0,867882000.0,452035200.0,,14096000.0,,466131000.0,-159850000.0,625981000.0,625981000.0,4.2,0.7698,0.1368,0.1411,0.1894,0.1685,709360200.0,452034900.0,4.0751,4.188,4.188,625981000.0,625981000.0,0.2147,0.2149,SNPS
2019-04-30 00:00:00,3231439300.0,759534000.0,2471905200.0,1129902000.0,885680000.0,388409200.0,,16704000.0,,405113000.0,-200348000.0,605461000.0,605461000.0,4.06,0.765,0.1202,0.1254,0.1874,0.1569,632053100.0,388408900.0,3.949,4.0572,4.0572,605461000.0,605461000.0,0.1956,0.1946,SNPS
2019-01-31 00:00:00,3172033300.0,747634000.0,2424399200.0,1091737000.0,876674000.0,399921200.0,,-9426000.0,,390495000.0,-199228000.0,589723000.0,589723000.0,3.96,0.7643,0.1261,0.1231,0.1859,0.0752,629831100.0,399920900.0,3.8499,3.9552,3.9552,589723000.0,589723000.0,0.1986,0.107,SNPS
2018-10-31 00:00:00,3121058300.0,735898000.0,2385160200.0,1084822000.0,885538000.0,360225200.0,,3318000.0,,363543000.0,-68975000.0,432518000.0,432518000.0,2.91,0.7642,0.1154,0.1165,0.1386,0.1039,569432100.0,360224900.0,2.8196,2.9022,2.9022,432518000.0,432518000.0,0.1824,0.136,SNPS
2018-07-31 00:00:00,3022619900.0,712180000.0,2310439900.0,1038462000.0,835366000.0,390412900.0,,20808000.0,,411221000.0,353113000.0,58108000.0,58108000.0,0.4,0.7644,0.1292,0.136,0.0192,0.1272,585987800.0,390413000.0,0.3867,0.3994,0.3994,58108000.0,58108000.0,0.1939,0.1576,SNPS
2018-04-30 00:00:00,2938286900.0,696345000.0,2241941900.0,989723000.0,770947000.0,431814900.0,,20304000.0,,452119000.0,356669000.0,95450000.0,95450000.0,0.65,0.763,0.147,0.1539,0.0325,0.1286,621041900.0,431815000.0,0.6212,0.6418,0.6418,95450000.0,95450000.0,0.2114,0.1589,SNPS
2018-01-31 00:00:00,2841519900.0,679594000.0,2161925900.0,960604000.0,785599000.0,358406900.0,,36433000.0,,394840000.0,348556000.0,46284000.0,46284000.0,0.31,0.7608,0.1261,0.139,0.0163,0.1559,542304900.0,358407000.0,0.2964,0.3087,0.3087,46284000.0,46284000.0,0.1909,0.1853,SNPS
2017-10-31 00:00:00,2724879900.0,654184000.0,2070695900.0,908841000.0,746092000.0,347562900.0,,35535000.0,,383098000.0,246535000.0,136563000.0,136563000.0,0.9,0.7599,0.1276,0.1406,0.0501,0.2051,537004900.0,347563000.0,0.8818,0.9077,0.9077,136563000.0,136563000.0,0.1971,0.2321,SNPS
2017-07-31 00:00:00,2661955000.0,629531000.0,2032424000.0,886280100.0,739554000.0,338606700.0,,27317000.0,,365924000.0,36582000.0,329342000.0,329342000.0,2.18,0.7635,0.1272,0.1375,0.1237,0.1969,531936700.0,338606700.0,2.1282,2.185,2.185,329342000.0,329342000.0,0.1998,0.2244,SNPS
2017-04-30 00:00:00,2581778000.0,599662000.0,1982116000.0,879491100.0,731560000.0,309958700.0,,28405000.0,,338364000.0,61055000.0,277309000.0,277309000.0,1.83,0.7677,0.1201,0.1311,0.1074,0.192,506808700.0,309958700.0,1.7939,1.8359,1.8359,277309000.0,277309000.0,0.1963,0.2205,SNPS
2017-01-31 00:00:00,2506714000.0,569264000.0,1937450000.0,872648100.0,673390000.0,343158700.0,,30408000.0,,373567000.0,80188000.0,293379000.0,293379000.0,1.94,0.7729,0.1369,0.149,0.117,0.2372,543218700.0,343158700.0,1.8986,1.9371,1.9371,293379000.0,293379000.0,0.2167,0.2668,SNPS
2016-10-31 00:00:00,2422532000.0,542962000.0,1879570000.0,856705100.0,668330000.0,317394700.0,,12153000.0,,329548000.0,62722000.0,266826000.0,266826000.0,1.76,0.7759,0.131,0.136,0.1101,0.2128,524426700.0,317394700.0,1.7245,1.7553,1.7553,266826000.0,266826000.0,0.2165,0.2422,SNPS
2016-07-31 00:00:00,2375972000.0,540595000.0,1835377000.0,843056000.0,669186100.0,292195900.0,,10518000.0,,302714000.0,58823000.0,243891000.0,243891000.0,1.6,0.7725,0.123,0.1274,0.1026,0.2189,507295900.0,292195900.0,1.5684,1.5964,1.5964,243891000.0,243891000.0,0.2135,0.2489,SNPS
2016-04-30 00:00:00,2316573000.0,530389000.0,1786184000.0,819181000.0,660223100.0,276955900.0,,5720000.0,,282676000.0,48116000.0,234560000.0,234560000.0,1.53,0.771,0.1196,0.122,0.1013,0.2327,493951900.0,276955900.0,1.4972,1.5244,1.5244,234560000.0,234560000.0,0.2132,0.2653,SNPS
2016-01-31 00:00:00,2268772000.0,523731000.0,1745041000.0,791324000.0,659298100.0,266076800.0,,3260000.0,,269337000.0,48557000.0,220780000.0,220780000.0,1.43,0.7692,0.1173,0.1187,0.0973,0.2032,483804800.0,266076800.0,1.4013,1.4285,1.4285,220780000.0,220780000.0,0.2132,0.2412,SNPS
2015-10-31 00:00:00,2242211000.0,518920000.0,1723291000.0,776229000.0,639504100.0,266465800.0,,15144000.0,,281610000.0,55676000.0,225934000.0,225934000.0,1.46,0.7686,0.1188,0.1256,0.1008,0.1804,478286800.0,266465800.0,1.4294,1.4581,1.4581,225934000.0,225934000.0,0.2133,0.2208,SNPS
2015-07-31 00:00:00,2194063900.0,500497000.0,1693566900.0,758297000.0,628191000.0,266407600.0,,21412000.0,,287820000.0,49193000.0,238627000.0,238627000.0,1.54,0.7719,0.1214,0.1312,0.1088,0.1819,473018600.0,266407700.0,1.5086,1.5371,1.5371,238627000.0,238627000.0,0.2156,0.235,SNPS
2015-04-30 00:00:00,2160070900.0,486556000.0,1673514900.0,743107000.0,616987000.0,272152600.0,,21245000.0,,293398000.0,44502000.0,248896000.0,248896000.0,1.6,0.7747,0.126,0.1358,0.1152,0.2129,475444600.0,272152700.0,1.5758,1.6041,1.6041,248896000.0,248896000.0,0.2201,0.2689,SNPS
2015-01-31 00:00:00,2120563900.0,475669000.0,1644894900.0,732835000.0,610792000.0,260059800.0,,17513000.0,,277573000.0,20956000.0,256617000.0,256617000.0,1.65,0.7757,0.1226,0.1309,0.121,0.2006,459700700.0,260059900.0,1.6259,1.6539,1.6539,256617000.0,256617000.0,0.2168,0.2535,SNPS
2014-10-31 00:00:00,2057471900.0,456885000.0,1600586900.0,718768000.0,608294000.0,248716800.0,,23425000.0,,272142000.0,13018000.0,259124000.0,259124000.0,1.67,0.7779,0.1209,0.1323,0.1259,0.2158,441542700.0,248716900.0,1.6431,1.6712,1.6712,259124000.0,259124000.0,0.2146,0.2678,SNPS
2014-07-31 00:00:00,2023335100.0,454573000.0,1568762100.0,703452000.0,599095000.0,242231200.0,,26840000.0,,269071000.0,15512000.0,253559000.0,253559000.0,1.64,0.7753,0.1197,0.133,0.1253,0.242,428629100.0,242231200.0,1.6098,1.6395,1.6395,253559000.0,253559000.0,0.2118,0.2814,SNPS
2014-04-30 00:00:00,1984468100.0,454690000.0,1529778100.0,687311000.0,589277000.0,229999200.0,,26473000.0,,256472000.0,16272000.0,240200000.0,240200000.0,1.56,0.7709,0.1159,0.1292,0.121,0.213,414834100.0,229999200.0,1.5263,1.5562,1.5562,240200000.0,240200000.0,0.209,0.2481,SNPS
2014-01-31 00:00:00,1966028100.0,448338000.0,1517690100.0,679230000.0,570102000.0,245668100.0,,29452000.0,,275120000.0,29546000.0,245574000.0,245574000.0,1.6,0.772,0.125,0.1399,0.1249,0.2272,429722100.0,245668100.0,1.5618,1.5941,1.5941,245574000.0,245574000.0,0.2186,0.2616,SNPS
2013-10-31 00:00:00,1962214100.0,453552000.0,1508662100.0,669197000.0,569773000.0,246493100.0,,29173000.0,,275666000.0,27866000.0,247800000.0,247800000.0,1.62,0.7689,0.1256,0.1405,0.1263,0.219,433897100.0,246493100.0,1.5824,1.6163,1.6163,247800000.0,247800000.0,0.2211,0.2531,SNPS
2013-07-31 00:00:00,1911552000.0,436967000.0,1474585000.0,647708000.0,569059000.0,234968800.0,,24372000.0,,259341000.0,39350000.0,219991000.0,219991000.0,1.44,0.7714,0.1229,0.1357,0.1151,0.1766,418488800.0,234968900.0,1.4098,1.4411,1.4411,219991000.0,219991000.0,0.2189,0.2136,SNPS
2013-04-30 00:00:00,1872354000.0,421109000.0,1451245000.0,624995000.0,560941000.0,243368800.0,,18885000.0,,262254000.0,18904000.0,243350000.0,243350000.0,1.61,0.7751,0.13,0.1401,0.13,0.2005,419500800.0,243368900.0,1.579,1.6132,1.6132,243350000.0,243350000.0,0.224,0.2355,SNPS
2013-01-31 00:00:00,1805658000.0,413882000.0,1391776000.0,606263000.0,583541000.0,181001800.0,,18034000.0,,199036000.0,3406000.0,195630000.0,195630000.0,1.3,0.7708,0.1002,0.1102,0.1083,0.2068,352940800.0,181001900.0,1.2809,1.3094,1.3094,195630000.0,195630000.0,0.1955,0.2403,SNPS
