Date,Revenue,Cost of Revenue,Gross Profit,SG&A Expenses,Operating Income,Interest Expense (Operating),Non-operating Income/Expense,Non-operating Interest Expenses,EBT,Income Tax Provision,Income after Tax,Net Income Common,EPS (Basic),Gross Margin,EBIT Margin,EBT margin,Net Profit Margin,Free Cash Flow Margin,EBITDA,EBIT,"EPS (Diluted, from Cont. Ops)","EPS (Diluted, from Disc. Ops)","EPS (Basic, Consolidated)","EPS (Basic, from Discontinued Ops)","EPS (Basic, from Continuous Ops)",Income from Continuous Operations,Income from Discontinued Operations,Consolidated Net Income/Loss,EBITDA Margin,Operating Cash Flow Margin,Ticker
2022-09-30 00:00:00,10331000000.0,4125000000.0,6206000000.0,2999000000.0,5130000000.0,242000000.0,2186000000.0,242000000.0,4971000000.0,1207000000.0,3765000000.0,3490000000.0,11.96,0.6007,0.4966,0.4812,0.3378,0.5678,4158000000.0,5130000000.0,12.8917,,12.946,,12.946,3765000000.0,,3764000000.0,0.4025,0.2352,SPGI
2022-06-30 00:00:00,9557000000.0,3417000000.0,6140000000.0,2707000000.0,5360000000.0,201000000.0,2131000000.0,202000000.0,5222000000.0,1275000000.0,3948000000.0,3679000000.0,13.42,0.6425,0.5608,0.5464,0.385,0.265,4062000000.0,5360000000.0,14.405,,14.4631,,14.4631,3948000000.0,,3947000000.0,0.425,0.2703,SPGI
2022-03-31 00:00:00,8670000000.0,2636000000.0,6034000000.0,2317000000.0,5032000000.0,140000000.0,1510000000.0,144000000.0,4975000000.0,1222000000.0,3754000000.0,3505000000.0,13.87,0.696,0.5804,0.5738,0.4043,0.6499,3989000000.0,5032000000.0,14.8517,,14.9126,,14.9126,3754000000.0,,3753000000.0,0.4601,0.352,SPGI
2021-12-31 00:00:00,8297000000.0,2277000000.0,6020000000.0,1719000000.0,4221000000.0,115000000.0,-1000000.0,119000000.0,4164000000.0,902000000.0,3263000000.0,3025000000.0,12.54,0.7256,0.5087,0.5019,0.3646,0.4294,4366000000.0,4221000000.0,13.4947,,13.5507,,13.5507,3263000000.0,,3262000000.0,0.5262,0.4337,SPGI
2021-09-30 00:00:00,8076000000.0,2210000000.0,5866000000.0,1753000000.0,3974000000.0,123000000.0,-22000000.0,127000000.0,3914000000.0,883000000.0,3031000000.0,2803000000.0,11.64,0.7263,0.4921,0.4846,0.3471,0.4636,4154000000.0,3974000000.0,12.5438,,12.5949,,12.5949,3031000000.0,,3031000000.0,0.5144,0.4704,SPGI
2021-06-30 00:00:00,7835000000.0,2143000000.0,5692000000.0,1666000000.0,3835000000.0,128000000.0,-359000000.0,131000000.0,3476000000.0,808000000.0,2668000000.0,2461000000.0,10.23,0.7265,0.4895,0.4437,0.3141,0.4541,4036000000.0,3835000000.0,11.0428,,11.0906,,11.0906,2668000000.0,,2668000000.0,0.5151,0.4647,SPGI
2021-03-31 00:00:00,7672000000.0,2103000000.0,5569000000.0,1587000000.0,3786000000.0,139000000.0,-379000000.0,139000000.0,3407000000.0,754000000.0,2653000000.0,2455000000.0,10.21,0.7259,0.4935,0.4441,0.32,0.4658,3993000000.0,3786000000.0,10.9793,,11.0268,,11.0268,2653000000.0,,2653000000.0,0.5205,0.4764,SPGI
2020-12-31 00:00:00,7442000000.0,2094000000.0,5348000000.0,1541000000.0,3617000000.0,141000000.0,-389000000.0,141000000.0,3228000000.0,694000000.0,2534000000.0,2339000000.0,9.71,0.7186,0.486,0.4338,0.3143,0.4691,3823000000.0,3617000000.0,10.4668,,10.5144,,10.5144,2534000000.0,,2534000000.0,0.5137,0.4793,SPGI
2020-09-30 00:00:00,7310000000.0,2080000000.0,5230000000.0,1265000000.0,3778000000.0,202000000.0,-459000000.0,145000000.0,3319000000.0,704000000.0,2615000000.0,2427000000.0,10.04,0.7155,0.5168,0.454,0.332,0.4581,3983000000.0,3778000000.0,10.7584,,10.8111,,10.8111,2615000000.0,,2615000000.0,0.5449,0.4692,SPGI
2020-06-30 00:00:00,7153000000.0,2043000000.0,5110000000.0,1242000000.0,3725000000.0,,-191000000.0,142000000.0,3534000000.0,755000000.0,2779000000.0,2589000000.0,10.67,0.7144,0.5208,0.4941,0.3619,0.4608,3925000000.0,3725000000.0,11.3827,,11.4433,,11.4433,2779000000.0,,2779000000.0,0.5487,0.4729,SPGI
2020-03-31 00:00:00,6914000000.0,2021000000.0,4893000000.0,1315000000.0,3433000000.0,,-192000000.0,139000000.0,3241000000.0,702000000.0,2539000000.0,2352000000.0,9.63,0.7077,0.4965,0.4688,0.3402,0.4421,3634000000.0,3433000000.0,10.3352,,10.3943,,10.3943,2539000000.0,,2539000000.0,0.5256,0.4575,SPGI
2019-12-31 00:00:00,6699000000.0,1976000000.0,4723000000.0,1342000000.0,3226000000.0,,-296000000.0,141000000.0,2930000000.0,627000000.0,2303000000.0,2123000000.0,8.65,0.705,0.4816,0.4374,0.3169,0.3972,3430000000.0,3226000000.0,9.3277,,9.3846,,9.3846,2303000000.0,,2303000000.0,0.512,0.4144,SPGI
2019-09-30 00:00:00,6500000000.0,1981000000.0,4519000000.0,1247000000.0,3112000000.0,,-242000000.0,141000000.0,2870000000.0,602000000.0,2268000000.0,2093000000.0,8.49,0.6952,0.4788,0.4415,0.322,0.3589,3320000000.0,3112000000.0,9.1327,,9.1981,,9.1981,2268000000.0,,2268000000.0,0.5108,0.3746,SPGI
2019-06-30 00:00:00,6357000000.0,1911000000.0,4446000000.0,1308000000.0,2925000000.0,,-234000000.0,147000000.0,2691000000.0,550000000.0,2141000000.0,1971000000.0,7.94,0.6994,0.4601,0.4233,0.3101,0.3259,3138000000.0,2925000000.0,8.5576,,8.625,,8.625,2141000000.0,,2141000000.0,0.4936,0.3415,SPGI
2019-03-31 00:00:00,6262000000.0,1881000000.0,4381000000.0,1384000000.0,2784000000.0,,-218000000.0,136000000.0,2566000000.0,526000000.0,2040000000.0,1877000000.0,7.53,0.6996,0.4446,0.4098,0.2997,0.3029,2997000000.0,2784000000.0,8.1022,,8.174,,8.174,2040000000.0,,2040000000.0,0.4786,0.3189,SPGI
2018-12-31 00:00:00,6258000000.0,1838000000.0,4420000000.0,1424000000.0,2790000000.0,,-109000000.0,134000000.0,2681000000.0,560000000.0,2121000000.0,1958000000.0,7.82,0.7063,0.4458,0.4284,0.3129,0.3118,2996000000.0,2790000000.0,8.3769,,8.4535,,8.4535,2121000000.0,,2121000000.0,0.4787,0.3298,SPGI
2018-09-30 00:00:00,6310000000.0,1713000000.0,4597000000.0,1687000000.0,2714000000.0,,-115000000.0,136000000.0,2599000000.0,730000000.0,1869000000.0,1709000000.0,6.79,0.7285,0.4301,0.4119,0.2708,0.3293,2911000000.0,2714000000.0,7.3545,,7.4202,,7.4202,1869000000.0,,1869000000.0,0.4613,0.3509,SPGI
2018-06-30 00:00:00,6277000000.0,1722000000.0,4555000000.0,1707000000.0,2659000000.0,,-111000000.0,135000000.0,2548000000.0,762000000.0,1786000000.0,1628000000.0,6.44,0.7257,0.4236,0.4059,0.2594,0.3374,2848000000.0,2659000000.0,6.9966,,7.0604,,7.0604,1786000000.0,,1786000000.0,0.4537,0.3577,SPGI
2018-03-31 00:00:00,6177000000.0,1713000000.0,4464000000.0,1627000000.0,2655000000.0,,-124000000.0,146000000.0,2531000000.0,789000000.0,1742000000.0,1588000000.0,6.23,0.7227,0.4298,0.4097,0.2571,0.306,2837000000.0,2655000000.0,6.7771,,6.8413,,6.8413,1742000000.0,,1742000000.0,0.4593,0.3275,SPGI
2017-12-31 00:00:00,6063000000.0,1694000000.0,4369000000.0,1606000000.0,2583000000.0,,-122000000.0,149000000.0,2461000000.0,823000000.0,1638000000.0,1496000000.0,5.82,0.7206,0.426,0.4059,0.2467,0.3122,2763000000.0,2583000000.0,6.3268,,6.391,,6.391,1638000000.0,,1638000000.0,0.4557,0.3325,SPGI
2017-09-30 00:00:00,5874000000.0,1682000000.0,4192000000.0,1602000000.0,2786000000.0,,-116000000.0,171000000.0,2670000000.0,761000000.0,1909000000.0,1771000000.0,6.86,0.7137,0.4743,0.4545,0.3015,0.2354,2967000000.0,2786000000.0,7.3283,,7.4012,,7.4012,1909000000.0,,1909000000.0,0.5051,0.2564,SPGI
2017-06-30 00:00:00,5800000000.0,1694000000.0,4106000000.0,1540000000.0,3485000000.0,,-127000000.0,173000000.0,3358000000.0,978000000.0,2380000000.0,2249000000.0,8.63,0.7079,0.6009,0.579,0.3878,0.2516,3667000000.0,3485000000.0,9.0548,,9.1429,,9.1429,2380000000.0,,2380000000.0,0.6322,0.2748,SPGI
2017-03-31 00:00:00,5773000000.0,1731000000.0,4042000000.0,1493000000.0,3468000000.0,,-141000000.0,178000000.0,3327000000.0,992000000.0,2335000000.0,2211000000.0,8.45,0.7002,0.6007,0.5763,0.383,0.2782,3650000000.0,3468000000.0,8.8412,,8.9245,,8.9245,2335000000.0,,2335000000.0,0.6323,0.2993,SPGI
2016-12-31 00:00:00,5661000000.0,1773000000.0,3888000000.0,1467000000.0,3341000000.0,,-153000000.0,181000000.0,3188000000.0,960000000.0,2228000000.0,2106000000.0,8.02,0.6868,0.5902,0.5632,0.372,0.2553,3522000000.0,3341000000.0,8.4012,,8.478,,8.478,2228000000.0,,2228000000.0,0.6222,0.2756,SPGI
2016-09-30 00:00:00,5636000000.0,1830000000.0,3806000000.0,1407000000.0,2935000000.0,,-161000000.0,161000000.0,2774000000.0,839000000.0,1935000000.0,1817000000.0,6.87,0.6753,0.5208,0.4922,0.3224,0.3235,3122000000.0,2935000000.0,7.2536,,7.3223,,7.3223,1935000000.0,,1935000000.0,0.5539,0.3494,SPGI
2016-06-30 00:00:00,5521000000.0,1818000000.0,3703000000.0,1528000000.0,1997000000.0,,-152000000.0,152000000.0,1845000000.0,552000000.0,1293000000.0,1177000000.0,4.41,0.6707,0.3617,0.3342,0.2132,0.3188,2175000000.0,1997000000.0,4.7986,,4.8473,,4.8473,1293000000.0,,1293000000.0,0.394,0.3429,SPGI
2016-03-31 00:00:00,5381000000.0,1761000000.0,3620000000.0,1537000000.0,1928000000.0,,-126000000.0,126000000.0,1802000000.0,540000000.0,1262000000.0,1147000000.0,4.25,0.6727,0.3583,0.3349,0.2132,0.3254,2094000000.0,1928000000.0,4.6357,,4.6847,,4.6847,1262000000.0,,1262000000.0,0.3891,0.3512,SPGI
2015-12-31 00:00:00,5313000000.0,1718000000.0,3595000000.0,1532000000.0,1917000000.0,,-102000000.0,102000000.0,1815000000.0,547000000.0,1268000000.0,1156000000.0,4.25,0.6766,0.3608,0.3416,0.2176,0.0408,2074000000.0,1917000000.0,4.6176,,4.6687,,4.6687,1268000000.0,,1268000000.0,0.3904,0.067,SPGI
2015-09-30 00:00:00,5229000000.0,1687000000.0,3542000000.0,3072000000.0,344000000.0,,-81000000.0,81000000.0,263000000.0,256000000.0,7000000.0,63000000.0,0.22,0.6774,0.0658,0.0503,0.012,-0.0128,482000000.0,344000000.0,-0.0733,,0.6092,,-0.0762,7000000.0,,170000000.0,0.0922,0.0063,SPGI
2015-06-30 00:00:00,5168000000.0,1670000000.0,3498000000.0,3076000000.0,300000000.0,,-63000000.0,63000000.0,237000000.0,296000000.0,-59000000.0,1000000.0,-0.01,0.6769,0.058,0.0459,0.0002,-0.0447,434000000.0,300000000.0,-0.4174,,0.3744,,-0.422,-59000000.0,,106000000.0,0.084,-0.0259,SPGI
2015-03-31 00:00:00,5128000000.0,1665000000.0,3463000000.0,3126000000.0,194000000.0,,-61000000.0,61000000.0,133000000.0,263000000.0,-130000000.0,-60000000.0,-0.22,0.6753,0.0378,0.0259,-0.0117,-0.0667,328000000.0,194000000.0,-0.7593,,0.1432,,-0.7671,-130000000.0,,41000000.0,0.064,-0.0495,SPGI
2014-12-31 00:00:00,5051000000.0,1651000000.0,3400000000.0,3144000000.0,113000000.0,,-59000000.0,59000000.0,54000000.0,245000000.0,-191000000.0,-115000000.0,-0.42,0.6731,0.0224,0.0107,-0.0228,0.2211,247000000.0,113000000.0,-1.08,0.66,-0.0479,0.66,-1.08,-191000000.0,178000000.0,-13000000.0,0.0489,0.2394,SPGI
2014-09-30 00:00:00,4880000000.0,1629000000.0,3251000000.0,1561000000.0,1511000000.0,,-54000000.0,54000000.0,1457000000.0,495000000.0,962000000.0,902000000.0,3.32,0.6662,0.3096,0.2986,0.1848,0.2074,1645000000.0,1511000000.0,3.13,0.16,3.7178,0.18,3.19,962000000.0,35000000.0,997000000.0,0.3371,0.2307,SPGI
2014-06-30 00:00:00,4769000000.0,1598000000.0,3171000000.0,1476000000.0,1540000000.0,,-56000000.0,56000000.0,1484000000.0,479000000.0,1005000000.0,927000000.0,3.41,0.6649,0.3229,0.3112,0.1944,0.1868,1673000000.0,1540000000.0,3.27,0.1,3.8149,0.12,3.33,1005000000.0,20000000.0,1025000000.0,0.3508,0.2101,SPGI
2014-03-31 00:00:00,4717000000.0,1586000000.0,3131000000.0,1484000000.0,1500000000.0,,-58000000.0,58000000.0,1442000000.0,474000000.0,968000000.0,889000000.0,3.26,0.6638,0.318,0.3057,0.1885,0.1755,1635000000.0,1500000000.0,3.13,0.09,3.6608,0.11,3.19,968000000.0,18000000.0,986000000.0,0.3466,0.1999,SPGI
2013-12-31 00:00:00,4702000000.0,1564000000.0,3138000000.0,1631000000.0,1358000000.0,,-59000000.0,59000000.0,1299000000.0,425000000.0,874000000.0,1376000000.0,4.97,0.6674,0.2888,0.2763,0.2926,0.1414,1495000000.0,1358000000.0,2.8,2.12,5.3406,2.16,2.85,874000000.0,592000000.0,1466000000.0,0.3179,0.1663,SPGI
2013-09-30 00:00:00,4630000000.0,1494000000.0,3136000000.0,1658000000.0,1414000000.0,,-63000000.0,63000000.0,1351000000.0,460000000.0,891000000.0,988000000.0,3.56,0.6773,0.3054,0.2918,0.2134,0.1138,1554000000.0,1414000000.0,2.84,0.68,3.9129,0.67,2.88,891000000.0,194000000.0,1085000000.0,0.3356,0.1313,SPGI
2013-06-30 00:00:00,4594000000.0,1490000000.0,3104000000.0,1716000000.0,1294000000.0,,-70000000.0,70000000.0,1224000000.0,419000000.0,805000000.0,1087000000.0,3.9,0.6757,0.2817,0.2664,0.2366,0.138,1440000000.0,1294000000.0,2.55,1.3,4.224,1.3,2.59,805000000.0,372000000.0,1177000000.0,0.3135,0.1604,SPGI
2013-03-31 00:00:00,4416000000.0,1446000000.0,2970000000.0,1711000000.0,1166000000.0,,-75000000.0,75000000.0,1091000000.0,379000000.0,712000000.0,1049000000.0,3.74,0.6726,0.264,0.2471,0.2375,0.1243,1311000000.0,1166000000.0,2.27,1.43,4.0008,1.43,2.31,712000000.0,408000000.0,1120000000.0,0.2969,0.1488,SPGI
2012-12-31 00:00:00,4270000000.0,1433000000.0,2837000000.0,1578000000.0,1170000000.0,,-81000000.0,81000000.0,1089000000.0,388000000.0,701000000.0,437000000.0,1.56,0.6644,0.274,0.255,0.1023,0.1485,1311000000.0,1170000000.0,2.29,-0.75,1.766,-0.77,2.33,701000000.0,-209000000.0,492000000.0,0.307,0.171,SPGI
