Date,Revenue,Cost of Revenue,Gross Profit,SG&A Expenses,Operating Income,Interest Expense (Operating),Non-operating Income/Expense,Non-operating Interest Expenses,EBT,Income Tax Provision,Income after Tax,Share of Subsidiary Earnings,Net Income Common,EPS (Basic),Gross Margin,EBIT Margin,EBT margin,Net Profit Margin,Free Cash Flow Margin,EBITDA,EBIT,"EPS (Diluted, from Cont. Ops)","EPS (Diluted, from Disc. Ops)","EPS (Basic, Consolidated)","EPS (Basic, from Discontinued Ops)","EPS (Basic, from Continuous Ops)",Income from Continuous Operations,Income from Discontinued Operations,Consolidated Net Income/Loss,EBITDA Margin,Operating Cash Flow Margin,Ticker
2022-09-30 00:00:00,15135000000.0,11103000000.0,4032000000.0,5322000000.0,2834000000.0,1213000000.0,621000000.0,77000000.0,1729000000.0,579000000.0,1150000000.0,1439000000.0,2260000000.0,7.12,0.2664,0.1872,0.1142,0.1493,-0.1714,5383000000.0,2834000000.0,7.4382,,8.0632,,7.4004,2589000000.0,,2589000000.0,0.3557,0.1531,SRE
2022-06-30 00:00:00,14458000000.0,10620000000.0,3838000000.0,4105000000.0,1298000000.0,1185000000.0,1954000000.0,75000000.0,199000000.0,216000000.0,-17000000.0,1413000000.0,1127000000.0,3.56,0.2655,0.0898,0.0138,0.0779,-0.0413,5165000000.0,1298000000.0,3.6831,,4.3004,,3.6376,1396000000.0,,1396000000.0,0.3572,0.2986,SRE
2022-03-31 00:00:00,13502000000.0,8581000000.0,4921000000.0,3955000000.0,1129000000.0,1170000000.0,1553000000.0,318000000.0,116000000.0,275000000.0,-159000000.0,1351000000.0,992000000.0,3.17,0.3645,0.0836,0.0086,0.0735,-0.0509,4735000000.0,1129000000.0,3.0712,,3.6855,,3.0227,1192000000.0,,1192000000.0,0.3507,0.3194,SRE
2021-12-31 00:00:00,12870000000.0,6532000000.0,6338000000.0,3861000000.0,1257000000.0,1184000000.0,1164000000.0,552000000.0,219000000.0,99000000.0,120000000.0,1343000000.0,1254000000.0,4.15,0.4925,0.0977,0.017,0.0974,-0.0598,4667000000.0,1257000000.0,4.01,,4.6927,,4.0299,1463000000.0,,1463000000.0,0.3626,0.327,SRE
2021-09-30 00:00:00,12338000000.0,4418000000.0,7920000000.0,3786000000.0,918000000.0,1039000000.0,1152000000.0,796000000.0,112000000.0,144000000.0,-32000000.0,1215000000.0,1064000000.0,3.69,0.6419,0.0744,0.0091,0.0862,-0.0538,4425000000.0,918000000.0,3.9726,,4.1307,,4.0319,1183000000.0,-7000000.0,1183000000.0,0.3586,0.3492,SRE
2021-06-30 00:00:00,11815000000.0,2675000000.0,9140000000.0,4792000000.0,2394000000.0,1039000000.0,-716000000.0,1044000000.0,1678000000.0,585000000.0,1093000000.0,1150000000.0,2063000000.0,6.93,0.7736,0.2026,0.142,0.1746,-0.0905,4141000000.0,2394000000.0,7.1829,,7.5653,,7.2422,2243000000.0,1770000000.0,2236000000.0,0.3505,0.3232,SRE
2021-03-31 00:00:00,11600000000.0,2453000000.0,9147000000.0,4649000000.0,2595000000.0,1064000000.0,-735000000.0,1060000000.0,1860000000.0,614000000.0,1246000000.0,1070000000.0,3878000000.0,13.19,0.7885,0.2237,0.1603,0.3343,-0.1774,4291000000.0,2595000000.0,7.2885,,13.9524,,7.344,2316000000.0,1850000000.0,4086000000.0,0.3699,0.2392,SRE
2020-12-31 00:00:00,11370000000.0,2388000000.0,8982000000.0,4483000000.0,2526000000.0,1088000000.0,-1037000000.0,1081000000.0,1489000000.0,249000000.0,1240000000.0,1015000000.0,3764000000.0,12.88,0.79,0.2222,0.131,0.331,-0.1817,4192000000.0,2526000000.0,6.58,6.3,14.1028,6.32,6.61,2255000000.0,,4105000000.0,0.3687,0.2279,SRE
2020-09-30 00:00:00,11142000000.0,2388000000.0,8754000000.0,4242000000.0,2572000000.0,1107000000.0,-1012000000.0,1098000000.0,1560000000.0,225000000.0,1335000000.0,917000000.0,3797000000.0,13.02,0.7857,0.2308,0.14,0.3408,-0.1624,4209000000.0,2572000000.0,6.45,6.5,14.3082,6.51,6.52,2252000000.0,1921000000.0,4173000000.0,0.3778,0.2333,SRE
2020-06-30 00:00:00,11256000000.0,2381000000.0,8875000000.0,4057000000.0,2921000000.0,,-1114000000.0,1113000000.0,1807000000.0,187000000.0,1620000000.0,857000000.0,4259000000.0,14.74,0.7885,0.2595,0.1605,0.3784,-0.1636,4542000000.0,2921000000.0,7.22,7.36,16.1312,7.42,7.33,2477000000.0,2184000000.0,4661000000.0,0.4035,0.2142,SRE
2020-03-31 00:00:00,10960000000.0,2401000000.0,8559000000.0,3988000000.0,2791000000.0,,-1161000000.0,1097000000.0,1630000000.0,66000000.0,1564000000.0,742000000.0,2374000000.0,8.39,0.7809,0.2547,0.1487,0.2166,0.0089,4389000000.0,2791000000.0,6.65,1.58,9.8478,1.62,6.78,2306000000.0,485000000.0,2791000000.0,0.4005,0.3152,SRE
2019-12-31 00:00:00,10829000000.0,2671000000.0,8158000000.0,3962000000.0,2627000000.0,,-893000000.0,1077000000.0,1734000000.0,315000000.0,1419000000.0,580000000.0,2055000000.0,7.39,0.7533,0.2426,0.1601,0.1898,0.0258,4196000000.0,2627000000.0,6.13,1.16,8.4993,1.18,6.22,1999000000.0,363000000.0,2362000000.0,0.3875,0.2852,SRE
2019-09-30 00:00:00,10712000000.0,2710000000.0,8002000000.0,3879000000.0,2749000000.0,,-436000000.0,1027000000.0,2194000000.0,322000000.0,1872000000.0,611000000.0,2472000000.0,8.97,0.747,0.2566,0.2048,0.2308,0.1842,4299000000.0,2749000000.0,7.85,1.05,10.332,1.12,7.92,2483000000.0,343000000.0,2826000000.0,0.4013,0.2777,SRE
2019-06-30 00:00:00,10519000000.0,3023000000.0,7496000000.0,3830000000.0,2328000000.0,,-237000000.0,970000000.0,2091000000.0,400000000.0,1691000000.0,419000000.0,1933000000.0,7.04,0.7126,0.2213,0.1988,0.1838,0.2535,3842000000.0,2328000000.0,6.67,0.38,8.2739,0.4,6.71,2110000000.0,141000000.0,2251000000.0,0.3652,0.3372,SRE
2019-03-31 00:00:00,10464000000.0,3130000000.0,7334000000.0,3726000000.0,2188000000.0,,-1566000000.0,940000000.0,622000000.0,-249000000.0,871000000.0,297000000.0,1018000000.0,3.64,0.7009,0.2091,0.0594,0.0973,0.1969,3690000000.0,2188000000.0,3.37,0.31,4.6983,0.32,3.39,1168000000.0,118000000.0,1286000000.0,0.3526,0.3346,SRE
2018-12-31 00:00:00,10102000000.0,2923000000.0,7179000000.0,3622000000.0,2066000000.0,,-1352000000.0,886000000.0,714000000.0,-49000000.0,763000000.0,175000000.0,924000000.0,3.39,0.7107,0.2045,0.0707,0.0915,0.1536,3557000000.0,2066000000.0,2.84,0.58,4.2004,0.59,2.86,938000000.0,188000000.0,1126000000.0,0.3521,0.348,SRE
2018-09-30 00:00:00,8673000000.0,2128000000.0,6545000000.0,3437000000.0,1489000000.0,,-1759000000.0,785000000.0,-151000000.0,339000000.0,-490000000.0,95000000.0,-441000000.0,-1.75,0.7546,0.1717,-0.0174,-0.0508,0.0121,2934000000.0,1489000000.0,-2.1554,,-1.1825,,-2.1414,-395000000.0,,-289000000.0,0.3383,0.4128,SRE
2018-06-30 00:00:00,8787000000.0,2147000000.0,6640000000.0,3387000000.0,1622000000.0,,-2113000000.0,728000000.0,-491000000.0,116000000.0,-607000000.0,34000000.0,-658000000.0,-2.52,0.7557,0.1846,-0.0559,-0.0749,-0.0355,3079000000.0,1622000000.0,-2.5728,,-1.9964,,-2.5661,-573000000.0,,-521000000.0,0.3504,0.388,SRE
2018-03-31 00:00:00,9145000000.0,2383000000.0,6762000000.0,3390000000.0,1750000000.0,,-661000000.0,659000000.0,1089000000.0,885000000.0,204000000.0,56000000.0,162000000.0,0.62,0.7394,0.1914,0.1191,0.0177,-0.0098,3198000000.0,1750000000.0,0.6981,,0.9836,,0.7102,260000000.0,,257000000.0,0.3497,0.3922,SRE
2017-12-31 00:00:00,9640000000.0,2774000000.0,6866000000.0,3383000000.0,2047000000.0,,-799000000.0,622000000.0,1248000000.0,938000000.0,310000000.0,72000000.0,256000000.0,1.03,0.7122,0.2123,0.1295,0.0266,-0.0067,3483000000.0,2047000000.0,1.24,,1.3955,,1.2501,382000000.0,,351000000.0,0.3613,0.376,SRE
2017-09-30 00:00:00,11113000000.0,3521000000.0,7592000000.0,3701000000.0,2620000000.0,,-967000000.0,761000000.0,1653000000.0,483000000.0,1170000000.0,41000000.0,1136000000.0,4.53,0.6832,0.2358,0.1487,0.1022,-0.0602,4068000000.0,2620000000.0,4.8203,,4.8252,,4.8252,1211000000.0,,1211000000.0,0.3661,0.2991,SRE
2017-06-30 00:00:00,10969000000.0,3502000000.0,7467000000.0,3775000000.0,2602000000.0,,28000000.0,738000000.0,2630000000.0,849000000.0,1781000000.0,47000000.0,1701000000.0,6.78,0.6807,0.2372,0.2398,0.1551,-0.037,4000000000.0,2602000000.0,7.2663,,7.2915,,7.2915,1828000000.0,,1828000000.0,0.3647,0.2994,SRE
2017-03-31 00:00:00,10592000000.0,3729000000.0,6863000000.0,3728000000.0,2099000000.0,,22000000.0,722000000.0,2121000000.0,576000000.0,1545000000.0,62000000.0,1458000000.0,5.81,0.6479,0.1982,0.2002,0.1377,-0.0739,3443000000.0,2099000000.0,6.3925,,6.4132,,6.4132,1607000000.0,,1607000000.0,0.3251,0.2539,SRE
2016-12-31 00:00:00,10183000000.0,3532000000.0,6651000000.0,3724000000.0,1749000000.0,,75000000.0,698000000.0,1824000000.0,389000000.0,1435000000.0,84000000.0,1370000000.0,5.33,0.6531,0.1718,0.1791,0.1345,-0.112,3061000000.0,1749000000.0,6.048,,6.0709,,6.0709,1519000000.0,,1519000000.0,0.3006,0.2269,SRE
2016-09-30 00:00:00,10014000000.0,3723000000.0,6291000000.0,3598000000.0,1472000000.0,,285000000.0,,1757000000.0,349000000.0,1408000000.0,90000000.0,1360000000.0,5.3,0.6282,0.147,0.1755,0.1358,-0.0728,2767000000.0,1472000000.0,5.9548,,5.9963,,5.9963,1498000000.0,,1498000000.0,0.2763,0.2497,SRE
2016-06-30 00:00:00,9960000000.0,3742000000.0,6218000000.0,3497000000.0,1382000000.0,,-337000000.0,573000000.0,1045000000.0,82000000.0,963000000.0,98000000.0,986000000.0,3.82,0.6243,0.1388,0.1049,0.099,-0.0635,2664000000.0,1382000000.0,4.2296,,4.2598,,4.2598,1061000000.0,,1061000000.0,0.2675,0.2605,SRE
2016-03-31 00:00:00,10171000000.0,3562000000.0,6609000000.0,3504000000.0,1835000000.0,,-282000000.0,570000000.0,1553000000.0,286000000.0,1267000000.0,87000000.0,1265000000.0,4.95,0.6498,0.1804,0.1527,0.1244,-0.0257,3110000000.0,1835000000.0,5.3949,,5.4416,,5.4416,1354000000.0,,1354000000.0,0.3058,0.2667,SRE
2015-12-31 00:00:00,10231000000.0,3605000000.0,6626000000.0,3457000000.0,1945000000.0,,-241000000.0,561000000.0,1704000000.0,341000000.0,1363000000.0,85000000.0,1349000000.0,5.43,0.6476,0.1901,0.1666,0.1319,0.0112,3195000000.0,1945000000.0,5.7707,,5.8328,,5.8328,1448000000.0,,1448000000.0,0.3123,0.2833,SRE
2015-09-30 00:00:00,10277000000.0,3788000000.0,6489000000.0,3449000000.0,1951000000.0,,-365000000.0,552000000.0,1586000000.0,285000000.0,1301000000.0,80000000.0,1277000000.0,5.16,0.6314,0.1898,0.1543,0.1243,0.0054,3166000000.0,1951000000.0,5.4934,,5.577,,5.577,1381000000.0,,1381000000.0,0.3081,0.2519,SRE
2015-06-30 00:00:00,10611000000.0,4008000000.0,6603000000.0,3433000000.0,2104000000.0,,-341000000.0,553000000.0,1763000000.0,341000000.0,1422000000.0,60000000.0,1377000000.0,5.57,0.6223,0.1983,0.1661,0.1298,-0.0221,3296000000.0,2104000000.0,5.8973,,5.9979,,5.9979,1482000000.0,,1482000000.0,0.3106,0.2211,SRE
2015-03-31 00:00:00,10922000000.0,4248000000.0,6674000000.0,3487000000.0,2078000000.0,,-335000000.0,552000000.0,1743000000.0,336000000.0,1407000000.0,47000000.0,1351000000.0,5.48,0.6111,0.1903,0.1596,0.1237,-0.081,3251000000.0,2078000000.0,5.7926,,5.8966,,5.8966,1454000000.0,,1454000000.0,0.2977,0.1893,SRE
2014-12-31 00:00:00,11035000000.0,4591000000.0,6444000000.0,3506000000.0,1838000000.0,,-314000000.0,554000000.0,1524000000.0,300000000.0,1224000000.0,38000000.0,1161000000.0,4.73,0.584,0.1666,0.1381,0.1052,-0.0737,2994000000.0,1838000000.0,5.0348,,5.1323,,5.1323,1262000000.0,,1262000000.0,0.2713,0.1958,SRE
2014-09-30 00:00:00,10993000000.0,4583000000.0,6410000000.0,3470000000.0,1916000000.0,,-358000000.0,564000000.0,1558000000.0,330000000.0,1228000000.0,33000000.0,1146000000.0,4.67,0.5831,0.1743,0.1417,0.1042,-0.0384,3067000000.0,1916000000.0,5.0347,,5.1398,,5.1398,1261000000.0,,1261000000.0,0.279,0.1924,SRE
2014-06-30 00:00:00,10729000000.0,4323000000.0,6406000000.0,3481000000.0,1907000000.0,,-364000000.0,557000000.0,1543000000.0,376000000.0,1167000000.0,34000000.0,1094000000.0,4.47,0.5971,0.1777,0.1438,0.102,-0.0626,3052000000.0,1907000000.0,4.8032,,4.9068,,4.9068,1201000000.0,,1201000000.0,0.2845,0.1597,SRE
2014-03-31 00:00:00,10702000000.0,4167000000.0,6535000000.0,3488000000.0,1870000000.0,,-405000000.0,557000000.0,1465000000.0,315000000.0,1150000000.0,26000000.0,1070000000.0,4.37,0.6106,0.1747,0.1369,0.1,-0.0392,2974000000.0,1870000000.0,4.7099,,4.8143,,4.8143,1176000000.0,,1176000000.0,0.2779,0.1731,SRE
2013-12-31 00:00:00,10557000000.0,4013000000.0,6544000000.0,3547000000.0,1798000000.0,,-368000000.0,559000000.0,1430000000.0,366000000.0,1064000000.0,24000000.0,1001000000.0,4.09,0.6199,0.1703,0.1355,0.0948,-0.0206,2911000000.0,1798000000.0,4.3636,,4.4614,,4.4614,1088000000.0,,1088000000.0,0.2757,0.169,SRE
2013-09-30 00:00:00,10520000000.0,4037000000.0,6483000000.0,3552000000.0,1623000000.0,,-232000000.0,554000000.0,1391000000.0,338000000.0,1053000000.0,20000000.0,1012000000.0,4.15,0.6163,0.1543,0.1322,0.0962,-0.0728,2738000000.0,1623000000.0,4.3086,,4.4124,,4.4124,1073000000.0,,1073000000.0,0.2603,0.1578,SRE
2013-06-30 00:00:00,10476000000.0,3982000000.0,6494000000.0,3575000000.0,1617000000.0,,-329000000.0,543000000.0,1288000000.0,270000000.0,1018000000.0,22000000.0,984000000.0,4.05,0.6199,0.1544,0.1229,0.0939,-0.05,2726000000.0,1617000000.0,4.1926,,4.2893,,4.2893,1040000000.0,,1040000000.0,0.2602,0.1881,SRE
2013-03-31 00:00:00,9914000000.0,3697000000.0,6217000000.0,3552000000.0,1544000000.0,,-606000000.0,518000000.0,938000000.0,120000000.0,818000000.0,29000000.0,801000000.0,3.31,0.6271,0.1557,0.0946,0.0808,-0.0452,2672000000.0,1544000000.0,3.4187,,3.5002,,3.5002,847000000.0,,847000000.0,0.2695,0.2173,SRE
2012-12-31 00:00:00,9647000000.0,3531000000.0,6116000000.0,3474000000.0,1559000000.0,,-616000000.0,493000000.0,943000000.0,59000000.0,884000000.0,36000000.0,859000000.0,3.56,0.634,0.1616,0.0978,0.089,-0.0896,2649000000.0,1559000000.0,3.7293,,3.812,,3.812,920000000.0,,920000000.0,0.2746,0.2092,SRE
