Date,Revenue,Cost of Revenue,Gross Profit,SG&A Expenses,Operating Income,Interest Expense (Operating),Non-operating Income/Expense,Non-operating Interest Expenses,Investment Gain/Loss (Other),EBT,Income Tax Provision,Income after Tax,Minority Interest,Net Income Common,EPS (Basic),Gross Margin,EBIT Margin,EBT margin,Net Profit Margin,Free Cash Flow Margin,EBITDA,EBIT,"EPS (Diluted, from Cont. Ops)","EPS (Diluted, from Disc. Ops)","EPS (Basic, Consolidated)","EPS (Basic, from Discontinued Ops)","EPS (Basic, from Continuous Ops)",Income from Continuous Operations,Income from Discontinued Operations,Consolidated Net Income/Loss,EBITDA Margin,Operating Cash Flow Margin,Ticker
2022-09-30 00:00:00,17278400000.0,12518800000.0,4759600000.0,3574399900.0,568900900.0,266000000.0,-175700000.0,270400000.0,,393200000.0,-201700000.0,594899900.0,,587300000.0,9.64,0.2755,0.0329,0.0228,0.034,-0.1328,1140500900.0,568900900.0,3.67,5.44,3.7766,5.8,3.84,597900000.0,,587500000.0,0.066,-0.1006,SWK
2022-06-30 00:00:00,16938500000.0,11981400000.0,4957100000.0,3546199900.0,909500500.0,221000000.0,-142800000.0,224300000.0,,766700000.0,-161300000.0,927999900.0,,930300000.0,6.39,0.2927,0.0537,0.0453,0.0549,-0.1123,1487300500.0,909500500.0,5.73,0.39,5.9032,0.42,5.97,940800000.0,,930400000.0,0.0878,-0.0773,SWK
2022-03-31 00:00:00,16344400000.0,11232600000.0,5111800000.0,3468799900.0,1361100400.0,190000000.0,-114900000.0,192600000.0,,1246200000.0,-31200000.0,1277399900.0,,1280400000.0,8.66,0.3128,0.0833,0.0762,0.0783,-0.0596,1937900400.0,1361100400.0,7.82,0.49,8.088,0.52,8.13,1294600000.0,90900000.0,1284200000.0,0.1186,-0.0257,SWK
2021-12-31 00:00:00,15617200000.0,10423000000.0,5194200000.0,3236499900.0,1748600600.0,182000000.0,-107600000.0,185400000.0,19000000.0,1641000000.0,61400000.0,1579599900.0,,1586100000.0,10.57,0.3326,0.112,0.1051,0.1016,0.0098,2325700600.0,1748600600.0,9.62,0.54,10.0692,0.56,9.99,1598600000.0,57800000.0,1598600000.0,0.1489,0.0425,SWK
2021-09-30 00:00:00,14230100000.0,9271600000.0,4958500300.0,2677100000.0,2159500000.0,188000000.0,-228700000.0,192500000.0,11000000.0,1930800100.0,251300000.0,1679500100.0,,1702600000.0,11.43,0.3485,0.1518,0.1357,0.1196,0.0899,2737100000.0,2159500500.0,9.9459,0.54,10.9692,0.54,10.5005,1690500000.0,,1725500000.0,0.1923,0.1204,SWK
2021-06-30 00:00:00,14300600000.0,9181400000.0,5119200300.0,2637600000.0,2267200400.0,191000000.0,-236000000.0,199600000.0,5200000.0,2031200100.0,330200000.0,1701000100.0,,1708500000.0,11.3,0.358,0.1585,0.142,0.1195,0.141,2845900500.0,2267200900.0,10.0753,0.29,11.1164,0.28,10.6478,1706200000.0,,1741200000.0,0.199,0.1668,SWK
2021-03-31 00:00:00,13649100000.0,8879000000.0,4770100300.0,2578600000.0,1893900500.0,198000000.0,-247000000.0,210400000.0,11100000.0,1646900100.0,145600000.0,1501300100.0,,1513500000.0,9.95,0.3495,0.1388,0.1207,0.1109,0.1419,2474900600.0,1893901000.0,9.0238,0.07,9.947,0.06,9.5046,1512400000.0,16600000.0,1547400000.0,0.1813,0.1663,SWK
2020-12-31 00:00:00,13057700000.0,8652300000.0,4405400300.0,2599500000.0,1471800200.0,207000000.0,-252000000.0,222600000.0,9100000.0,1219800100.0,43000000.0,1176800100.0,,1160900000.0,7.8,0.3374,0.1127,0.0934,0.0889,0.1297,2049900300.0,1471800700.0,7.16,,7.6919,,7.53,1185900000.0,,1185900000.0,0.157,0.1549,SWK
2020-09-30 00:00:00,12311901000.0,8311300000.0,4000601000.0,2434500000.0,1153600000.0,217000000.0,-225500000.0,232700000.0,1700000.0,928100000.0,-34700000.0,962800000.0,,948100000.0,6.22,0.3249,0.0937,0.0754,0.077,0.1294,1724500100.0,1153599500.0,5.9061,,6.2923,,6.266,964500000.0,,964500100.0,0.1401,0.1497,SWK
2020-06-30 00:00:00,12094801000.0,8231000000.0,3863801000.0,2456000000.0,987699900.0,,-234500000.0,252400000.0,-6700000.0,753200000.0,-53900000.0,807100000.0,,793100000.0,5.3,0.3195,0.0817,0.0623,0.0656,0.0888,1554199900.0,987699400.0,5.011,,5.3228,,5.2965,800400000.0,,800400100.0,0.1285,0.1124,SWK
2020-03-31 00:00:00,12708701000.0,8557800000.0,4150901000.0,2519200000.0,1285799800.0,,-240000000.0,267500000.0,-11700000.0,1045800000.0,115000000.0,930800000.0,,915700000.0,6.19,0.3266,0.1012,0.0823,0.0721,0.0955,1849299800.0,1285799300.0,5.8395,,6.1793,,6.153,919100000.0,,919100100.0,0.1455,0.1205,SWK
2019-12-31 00:00:00,12912901000.0,8679500000.0,4233401000.0,2542000000.0,1342600100.0,,-248200000.0,282200000.0,-11200000.0,1094400000.0,126800000.0,967600000.0,,952400000.0,6.45,0.3278,0.104,0.0848,0.0738,0.0915,1902800100.0,1342599600.0,6.1,,6.4463,,6.42,956400000.0,,956400100.0,0.1474,0.1166,SWK
2019-09-30 00:00:00,14362700000.0,9557900000.0,4804801000.0,3059799800.0,1297000500.0,,-232800000.0,292800000.0,,1064200000.0,412500000.0,651700000.0,,648100000.0,4.66,0.3345,0.0903,0.0741,0.0451,0.0752,1842900500.0,1297000200.0,4.234,,4.4247,,4.4247,652900000.0,,652900000.0,0.1283,0.1033,SWK
2019-06-30 00:00:00,14224400000.0,9420700000.0,4803701000.0,3099899800.0,1300900900.0,,-226500000.0,292500000.0,,1074400000.0,409900000.0,664500000.0,,665400000.0,4.78,0.3377,0.0915,0.0755,0.0468,0.075,1835600900.0,1300900600.0,4.3484,,4.545,,4.545,670100000.0,,670100000.0,0.129,0.1042,SWK
2019-03-31 00:00:00,14106700000.0,9315700000.0,4791001000.0,3125499800.0,1184700900.0,,-219600000.0,289100000.0,,965100000.0,359300000.0,605800000.0,,602700000.0,4.33,0.3396,0.084,0.0684,0.0427,0.0531,1705401000.0,1184700600.0,3.8954,,4.091,,4.091,606100000.0,,606100000.0,0.1209,0.0836,SWK
2018-12-31 00:00:00,13982400000.0,9131300000.0,4851101000.0,3143699800.0,1231301000.0,,-209200000.0,277900000.0,,1022100000.0,416300000.0,605800000.0,,603400000.0,4.31,0.3469,0.0881,0.0731,0.0432,0.0582,1737801100.0,1231300700.0,3.8639,,4.068,,4.068,605800000.0,,605800000.0,0.1243,0.0902,SWK
2018-09-30 00:00:00,13811899000.0,8874700000.0,4937199000.0,3172400000.0,1393599600.0,,-200800000.0,262400000.0,,1192800000.0,199900000.0,992900000.0,,993500100.0,6.64,0.3575,0.1009,0.0864,0.0719,0.0207,1940499700.0,1393600500.0,6.5054,,6.6373,,6.6373,992900000.0,,992900000.0,0.1405,0.0547,SWK
2018-06-30 00:00:00,13676499000.0,8724700000.0,4951799000.0,3142900000.0,1436599300.0,,-194300000.0,247500000.0,,1242300000.0,223200000.0,1019100000.0,,1020200100.0,6.8,0.3621,0.105,0.0908,0.0746,0.0171,1974499500.0,1436600200.0,6.6553,,6.793,,6.793,1019100000.0,,1019100000.0,0.1444,0.0497,SWK
2018-03-31 00:00:00,13319599000.0,8441600000.0,4877999000.0,3079700000.0,1493399200.0,,-187200000.0,234500000.0,,1306200000.0,302900000.0,1003300000.0,,1004200100.0,6.69,0.3662,0.1121,0.0981,0.0754,0.0135,2019399200.0,1493400100.0,6.5549,,6.6904,,6.6904,1003300000.0,,1003300000.0,0.1516,0.0475,SWK
2017-12-31 00:00:00,12966599000.0,8188300000.0,4778299000.0,2982900000.0,1710298900.0,,-182500000.0,222600000.0,,1527800000.0,300900000.0,1226900000.0,,1227300100.0,8.19,0.3685,0.1319,0.1178,0.0947,0.0213,2214198900.0,1710299800.0,8.0479,,8.1996,,8.1996,1226900000.0,,1226900000.0,0.1708,0.0516,SWK
2017-09-30 00:00:00,12609400000.0,7999700000.0,4609700000.0,2869400000.0,1650000800.0,,-178400000.0,213800000.0,,1471600000.0,267300000.0,1204300000.0,,1204000000.0,8.05,0.3656,0.1309,0.1167,0.0955,0.0091,2090800800.0,1650000300.0,7.9451,,8.0786,,8.0786,1204300000.0,,1204300000.0,0.1658,0.0388,SWK
2017-06-30 00:00:00,12132000000.0,7691200000.0,4440800000.0,2749800000.0,1621500800.0,,-176600000.0,206800000.0,,1444900000.0,266100000.0,1178800000.0,,1178400000.0,7.93,0.366,0.1337,0.1191,0.0971,0.021,2044700800.0,1621500300.0,7.8292,,7.9572,,7.9572,1178800000.0,,1178800000.0,0.1685,0.0511,SWK
2017-03-31 00:00:00,11777700000.0,7421300000.0,4356400000.0,2670900000.0,1621100900.0,,-172500000.0,198500000.0,,1448600000.0,275900000.0,1172700000.0,,1172300000.0,7.95,0.3699,0.1376,0.123,0.0995,0.0548,2030501000.0,1621100400.0,7.8492,,7.9712,,7.9712,1172700000.0,,1172700000.0,0.1724,0.0819,SWK
2016-12-31 00:00:00,11593500000.0,7325500000.0,4268000100.0,2609300000.0,1400601100.0,,-171300000.0,194500000.0,,1229300000.0,261700000.0,967600000.0,,968000000.0,6.62,0.3681,0.1208,0.106,0.0835,0.0732,1808601200.0,1400600600.0,6.5286,,6.6255,,6.6255,967600000.0,,967600000.0,0.156,0.1023,SWK
2016-09-30 00:00:00,11331900000.0,7127100000.0,4204800100.0,2539400100.0,1418700200.0,,-168500000.0,189800000.0,,1250200100.0,273800000.0,976400000.0,,995400000.0,6.7,0.3711,0.1252,0.1103,0.0878,0.1011,1829500300.0,1418700000.0,6.5639,,6.7939,,6.686,974700000.0,,993100000.0,0.1614,0.1304,SWK
2016-06-30 00:00:00,11279400000.0,7131700000.0,4147700100.0,2494000100.0,1396600400.0,,-165000000.0,184800000.0,,1231600100.0,270800000.0,960800000.0,,975200000.0,6.56,0.3677,0.1238,0.1092,0.0865,0.1019,1808200400.0,1396600200.0,6.4312,,6.6489,,6.5736,959800000.0,,972800000.0,0.1603,0.1304,SWK
2016-03-31 00:00:00,11213900000.0,7137900000.0,4076000100.0,2465800100.0,1349600400.0,,-166000000.0,183300000.0,,1183600100.0,258800000.0,924800000.0,,930900000.0,6.22,0.3635,0.1204,0.1055,0.083,0.088,1761200400.0,1349600200.0,6.1276,,6.3127,,6.2929,924000000.0,,928500000.0,0.1571,0.1147,SWK
2015-12-31 00:00:00,11171800000.0,7099800000.0,4072000000.0,2459100100.0,1316000300.0,,-165200000.0,180400000.0,,1150800100.0,248600000.0,902200000.0,,903800000.0,5.99,0.3645,0.1178,0.103,0.0809,0.0806,1730000300.0,1316000100.0,5.92,-0.13,6.0864,-0.14,6.1,902200000.0,,902200000.0,0.1549,0.1058,SWK
2015-09-30 00:00:00,11308899000.0,7200000000.0,4108899000.0,2495500000.0,1277799400.0,,-167700000.0,182100000.0,,1110100000.0,256200000.0,853900100.0,-2000000.0,764000000.0,5.11,0.3633,0.113,0.0982,0.0676,0.0757,1698599400.0,1277799900.0,5.54,-0.59,5.1086,-0.61,5.7,855900100.0,-91900000.0,764000000.0,0.1502,0.0987,SWK
2015-06-30 00:00:00,11358299000.0,7229800000.0,4128499000.0,2534300000.0,1271899000.0,,-166500000.0,180400000.0,,1105400000.0,238800000.0,866600100.0,-1600000.0,772000000.0,5.05,0.3635,0.112,0.0973,0.068,0.0768,1701399000.0,1271899500.0,5.52,-0.61,5.0524,-0.63,5.67,868200100.0,-96200000.0,772000000.0,0.1498,0.0991,SWK
2015-03-31 00:00:00,11351499000.0,7231600000.0,4119899000.0,2551800000.0,1251799100.0,,-163600000.0,177500000.0,,1088200000.0,234400000.0,853800100.0,-500000.0,761300000.0,4.9,0.3629,0.1103,0.0959,0.0671,0.087,1693699100.0,1251799600.0,5.37,-0.58,4.9029,-0.6,5.5,854300100.0,-93000000.0,761300000.0,0.1492,0.1102,SWK
2014-12-31 00:00:00,11338599000.0,7235900000.0,4102699100.0,2575000000.0,1248399000.0,,-163600000.0,177200000.0,,1084800000.0,227100000.0,857700100.0,500000.0,760900000.0,4.87,0.3618,0.1101,0.0957,0.0671,0.09,1698198900.0,1248399500.0,5.37,-0.6,4.8748,-0.62,5.49,857200100.0,-96300000.0,760900000.0,0.1498,0.1143,SWK
2014-09-30 00:00:00,11152600000.0,7099200000.0,4053400100.0,2597499800.0,1054900900.0,,-180200000.0,172400000.0,,874700000.0,168500000.0,706200000.0,800000.0,671200000.0,4.29,0.3634,0.0946,0.0784,0.0602,0.0893,1510900800.0,1054900900.0,4.42,-0.22,4.2945,-0.21,4.51,705400000.0,-34200000.0,671200000.0,0.1355,0.1135,SWK
2014-06-30 00:00:00,11032000000.0,7037600000.0,3994400200.0,2625299800.0,933001200.0,,-175900000.0,168000000.0,,757100000.0,127500000.0,629600000.0,800000.0,600500000.0,3.85,0.3621,0.0846,0.0686,0.0544,0.0741,1385201200.0,933001200.0,3.96,-0.18,3.854,-0.17,4.04,628800000.0,-28300000.0,600500000.0,0.1256,0.1012,SWK
2014-03-31 00:00:00,11030100000.0,7078600000.0,3951500200.0,2650099800.0,883900900.0,,-171900000.0,164300000.0,,712000000.0,107800000.0,604200000.0,-400000.0,571100000.0,3.68,0.3582,0.0801,0.0646,0.0518,0.0495,1329800800.0,883900900.0,3.82,-0.22,3.6756,-0.21,3.89,604600000.0,-33500000.0,571100000.0,0.1206,0.0783,SWK
2013-12-31 00:00:00,10889500000.0,6985800000.0,3903700100.0,2676399800.0,755501000.0,,-167900000.0,160100000.0,,587600000.0,68600000.0,519000000.0,-1000000.0,490300000.0,3.16,0.3585,0.0694,0.054,0.045,0.0488,1196801000.0,755501000.0,3.28,-0.19,3.1585,-0.19,3.35,520000000.0,-29700000.0,490300000.0,0.1099,0.0797,SWK
2013-09-30 00:00:00,10605100000.0,6800100000.0,3805000300.0,2602000000.0,807000000.0,,-145000000.0,157400000.0,,662000000.0,75000000.0,587000000.0,-600000.0,926200000.0,5.85,0.3588,0.0761,0.0624,0.0873,0.0316,1244400000.0,807000800.0,3.68,2.03,5.828,2.08,3.76,587600000.0,338600000.0,926200100.0,0.1173,0.0645,SWK
2013-06-30 00:00:00,10364000000.0,6634700000.0,3729300100.0,2541600000.0,766700000.0,,-188600000.0,155000000.0,,578100000.0,70600000.0,507500000.0,-500000.0,875400000.0,5.49,0.3598,0.074,0.0558,0.0845,0.0367,1201099900.0,766700800.0,3.15,2.2,5.4641,2.25,3.21,508000000.0,367400000.0,875400100.0,0.1159,0.071,SWK
2013-03-31 00:00:00,10072800000.0,6418900000.0,3653900100.0,2490700000.0,675900200.0,,-184700000.0,150000000.0,,491200000.0,54800000.0,436400000.0,-500000.0,843100000.0,5.22,0.3627,0.0671,0.0488,0.0837,0.0467,1111200200.0,675901000.0,2.65,2.44,5.2009,2.49,2.71,436900000.0,406200000.0,843100100.0,0.1103,0.0845,SWK
2012-12-31 00:00:00,10022400000.0,6365100000.0,3657300200.0,2462500000.0,712500200.0,,-179400000.0,144000000.0,,533100000.0,75800000.0,457300000.0,-800000.0,883800000.0,5.44,0.3649,0.0711,0.0532,0.0882,0.0602,1157800200.0,712501000.0,2.75,2.55,5.4198,2.61,2.81,458100000.0,425700000.0,883800100.0,0.1155,0.0964,SWK
