Date,Revenue,Cost of Revenue,Gross Profit,SG&A Expenses,Operating Income,Interest Expense (Operating),Non-operating Income/Expense,Non-operating Interest Expenses,EBT,Income Tax Provision,Income after Tax,Net Income Common,EPS (Basic),Gross Margin,EBIT Margin,EBT margin,Net Profit Margin,Free Cash Flow Margin,EBITDA,EBIT,"EPS (Diluted, from Cont. Ops)","EPS (Diluted, from Disc. Ops)","EPS (Basic, Consolidated)","EPS (Basic, from Discontinued Ops)","EPS (Basic, from Continuous Ops)",Income from Continuous Operations,Income from Discontinued Operations,Consolidated Net Income/Loss,EBITDA Margin,Operating Cash Flow Margin,Ticker
2022-10-31 00:00:00,108721000000.0,82822000000.0,25899000000.0,20518000000.0,4784000000.0,,-11000000.0,453000000.0,4392000000.0,944000000.0,3448000000.0,3448000000.0,,0.2382,0.044,0.0404,0.0317,-0.0165,,4784000000.0,7.3327,,7.3887,,7.388,3448000000.0,,3448000000.0,0.0,0.0329,TGT
2022-07-31 00:00:00,107855000000.0,81925000000.0,25930000000.0,20158000000.0,5772000000.0,433000000.0,111000000.0,433000000.0,5394000000.0,1170000000.0,4224000000.0,4224000000.0,8.8,0.2404,0.0535,0.05,0.0392,0.0041,8499000000.0,5772000000.0,8.8337,,8.9112,,8.9105,4224000000.0,,4224000000.0,0.0788,0.0478,TGT
2022-04-30 00:00:00,106978000000.0,79055000000.0,27923000000.0,19966000000.0,7918000000.0,425000000.0,122000000.0,425000000.0,7547000000.0,1689000000.0,5858000000.0,5858000000.0,12.06,0.261,0.074,0.0705,0.0548,0.0201,10640000000.0,7918000000.0,12.0913,,12.1996,,12.1989,5858000000.0,,5858000000.0,0.0995,0.0569,TGT
2022-01-31 00:00:00,106005000000.0,76709000000.0,29296000000.0,19713000000.0,8946000000.0,421000000.0,319000000.0,421000000.0,8907000000.0,1961000000.0,6946000000.0,6946000000.0,14.1,0.2764,0.0844,0.084,0.0655,0.0482,11633000000.0,8946000000.0,14.1001,,14.2308,,14.2301,6946000000.0,,6946000000.0,0.1097,0.0814,TGT
2021-10-31 00:00:00,103348000000.0,73828000000.0,29520000000.0,19626000000.0,8687000000.0,949000000.0,184000000.0,423000000.0,8620000000.0,1838000000.0,6782000000.0,6782000000.0,13.65,0.2856,0.0841,0.0834,0.0656,0.058,11318000000.0,8687000000.0,13.5802,,13.7138,,13.7082,6782000000.0,,6782000000.0,0.1095,0.0878,TGT
2021-07-31 00:00:00,100328000000.0,70554000000.0,29774000000.0,19414000000.0,8612000000.0,966000000.0,-462000000.0,950000000.0,8007000000.0,1699000000.0,6308000000.0,6308000000.0,12.63,0.2968,0.0858,0.0798,0.0629,0.0628,11191000000.0,8612000000.0,12.546,,12.6701,,12.6645,6308000000.0,,6308000000.0,0.1115,0.088,TGT
2021-04-30 00:00:00,98143000000.0,68383000000.0,29760000000.0,19064000000.0,8445000000.0,979000000.0,-619000000.0,968000000.0,7826000000.0,1645000000.0,6181000000.0,6181000000.0,12.36,0.3032,0.086,0.0797,0.063,0.0814,10956000000.0,8445000000.0,12.2442,,12.3645,,12.3589,6181000000.0,,6181000000.0,0.1116,0.1058,TGT
2021-01-31 00:00:00,93561000000.0,66177000000.0,27384000000.0,18615000000.0,6539000000.0,,-993000000.0,977000000.0,5546000000.0,1178000000.0,4368000000.0,4368000000.0,8.73,0.2927,0.0699,0.0593,0.0467,0.0846,9024000000.0,6539000000.0,8.64,,8.7256,,8.72,4368000000.0,,4368000000.0,0.0965,0.1125,TGT
2020-10-31 00:00:00,88620000000.0,62748000000.0,25872000000.0,17672000000.0,5900000000.0,979000000.0,-1033000000.0,989000000.0,4867000000.0,1046000000.0,3821000000.0,3822000000.0,7.61,0.2919,0.0666,0.0549,0.0431,0.0838,8447000000.0,5900000000.0,7.5383,,7.6197,,7.6118,3821000000.0,,3822000000.0,0.0953,0.1129,TGT
2020-07-31 00:00:00,84653000000.0,60174000000.0,24479000000.0,17178000000.0,4967000000.0,,-497000000.0,470000000.0,4470000000.0,957000000.0,3513000000.0,3522000000.0,6.99,0.2892,0.0587,0.0528,0.0416,0.076,7549000000.0,4967000000.0,6.902,,6.9949,,6.9662,3513000000.0,,3522000000.0,0.0892,0.1113,TGT
2020-04-30 00:00:00,80100000000.0,57126000000.0,22974000000.0,16630000000.0,3991000000.0,,-493000000.0,468000000.0,3498000000.0,737000000.0,2761000000.0,2770000000.0,5.44,0.2868,0.0498,0.0437,0.0346,0.0627,6592000000.0,3991000000.0,5.3715,,5.4473,,5.4169,2761000000.0,,2770000000.0,0.0823,0.1008,TGT
2020-01-31 00:00:00,78112000000.0,54864000000.0,23248000000.0,16233000000.0,4658000000.0,,-468000000.0,477000000.0,4190000000.0,921000000.0,3269000000.0,3281000000.0,6.41,0.2976,0.0596,0.0536,0.042,0.0532,7262000000.0,4658000000.0,6.34,0.0182,6.422,0.0181,6.39,3269000000.0,18000000.0,3281000000.0,0.093,0.0911,TGT
2019-10-31 00:00:00,77692000000.0,54708000000.0,22984000000.0,16104000000.0,4578000000.0,,-425000000.0,469000000.0,4153000000.0,919000000.0,3234000000.0,3245000000.0,6.31,0.2958,0.0589,0.0535,0.0418,0.0455,7131000000.0,4578000000.0,6.24,0.034,6.3075,0.0339,6.28,3234000000.0,18000000.0,3245000000.0,0.0918,0.0838,TGT
2019-07-31 00:00:00,76848000000.0,54308000000.0,22540000000.0,15888000000.0,4395000000.0,,-430000000.0,471000000.0,3965000000.0,821000000.0,3144000000.0,3153000000.0,6.09,0.2933,0.0572,0.0516,0.041,0.0402,6902000000.0,4395000000.0,6.03,,6.0894,,6.07,3144000000.0,,3153000000.0,0.0898,0.0789,TGT
2019-04-30 00:00:00,76202000000.0,53922000000.0,22280000000.0,15841000000.0,4204000000.0,,-434000000.0,466000000.0,3770000000.0,765000000.0,3005000000.0,3014000000.0,5.76,0.2924,0.0552,0.0495,0.0396,0.0331,6691000000.0,4204000000.0,5.7,0.0158,5.7604,0.0158,5.74,3005000000.0,12000000.0,3014000000.0,0.0878,0.0759,TGT
2019-01-31 00:00:00,75356000000.0,53299000000.0,22057000000.0,15723000000.0,4110000000.0,,-434000000.0,461000000.0,3676000000.0,746000000.0,2930000000.0,2937000000.0,5.56,0.2927,0.0545,0.0488,0.039,0.0337,6584000000.0,4110000000.0,5.5,0.0045,5.5561,0.0045,5.54,2930000000.0,,2937000000.0,0.0874,0.0793,TGT
2018-10-31 00:00:00,75361000000.0,53194000000.0,22167000000.0,15800000000.0,4122000000.0,,-448000000.0,482000000.0,3674000000.0,455000000.0,3219000000.0,3226000000.0,6.05,0.2941,0.0547,0.0488,0.0428,0.0365,6615000000.0,4122000000.0,5.98,0.01,6.0251,0.0101,6.02,3219000000.0,10000000.0,3226000000.0,0.0878,0.0805,TGT
2018-07-31 00:00:00,74414000000.0,52371000000.0,22043000000.0,15596000000.0,4150000000.0,,-578000000.0,618000000.0,3572000000.0,493000000.0,3079000000.0,3082000000.0,5.75,0.2962,0.0558,0.048,0.0414,0.048,6694000000.0,4150000000.0,5.69,,5.7203,,5.72,3079000000.0,,3082000000.0,0.09,0.0905,TGT
2018-04-30 00:00:00,73272000000.0,51551000000.0,21721000000.0,15332000000.0,4110000000.0,,-583000000.0,634000000.0,3527000000.0,577000000.0,2950000000.0,2954000000.0,5.47,0.2964,0.0561,0.0481,0.0403,0.0449,6636000000.0,4110000000.0,5.41,0.0018,5.4392,0.0019,5.44,2950000000.0,7000000.0,2954000000.0,0.0906,0.0839,TGT
2018-01-31 00:00:00,72714000000.0,51125000000.0,21589000000.0,15140000000.0,4224000000.0,,-594000000.0,653000000.0,3630000000.0,722000000.0,2908000000.0,2914000000.0,5.36,0.2969,0.0581,0.0499,0.0401,0.061,6700000000.0,4224000000.0,5.29,0.01,5.3293,0.01,5.32,2908000000.0,,2914000000.0,0.0921,0.0954,TGT
2017-10-31 00:00:00,71196000000.0,49582000000.0,21614000000.0,15163000000.0,4338000000.0,,-516000000.0,649000000.0,3822000000.0,1182000000.0,2640000000.0,2641000000.0,4.79,0.3036,0.0609,0.0537,0.0371,0.066,6779000000.0,4338000000.0,4.72,0.0155,4.7695,0.0155,4.75,2640000000.0,1000000.0,2641000000.0,0.0952,0.0991,TGT
2017-07-31 00:00:00,70763000000.0,49406000000.0,21357000000.0,14769000000.0,4552000000.0,,-422000000.0,540000000.0,4130000000.0,1358000000.0,2772000000.0,2771000000.0,4.98,0.3018,0.0643,0.0584,0.0392,0.0688,6920000000.0,4552000000.0,4.91,0.1018,4.9581,0.1018,4.95,2772000000.0,54000000.0,2771000000.0,0.0978,0.0973,TGT
2017-04-30 00:00:00,70298000000.0,49159000000.0,21139000000.0,14417000000.0,4707000000.0,,-613000000.0,716000000.0,4094000000.0,1367000000.0,2727000000.0,2780000000.0,4.93,0.3007,0.067,0.0582,0.0395,0.0684,7060000000.0,4707000000.0,4.77,0.13,4.9045,0.13,4.8,2727000000.0,71000000.0,2780000000.0,0.1004,0.0925,TGT
2017-01-31 00:00:00,70271000000.0,49145000000.0,21126000000.0,14217000000.0,4864000000.0,,-903000000.0,991000000.0,3961000000.0,1295000000.0,2666000000.0,2734000000.0,4.76,0.3006,0.0692,0.0564,0.0389,0.0561,7182000000.0,4864000000.0,4.58,0.14,4.7334,0.13,4.61,2666000000.0,73000000.0,2734000000.0,0.1022,0.0775,TGT
2016-10-31 00:00:00,70432000000.0,49732000000.0,20700000000.0,13661000000.0,5791000000.0,,-1017000000.0,1017000000.0,4774000000.0,1506000000.0,3268000000.0,3346000000.0,5.63,0.2939,0.0822,0.0678,0.0475,0.0502,8039000000.0,5791000000.0,5.42,,5.5931,,5.47,3268000000.0,,3346000000.0,0.1141,0.071,TGT
2016-07-31 00:00:00,71604000000.0,50636000000.0,20968000000.0,14058000000.0,5606000000.0,,-1026000000.0,1026000000.0,4580000000.0,1444000000.0,3136000000.0,3287000000.0,5.44,0.2928,0.0783,0.064,0.0459,0.0447,7845000000.0,5606000000.0,5.12,0.25,5.4068,0.25,5.16,3136000000.0,151000000.0,3287000000.0,0.1096,0.064,TGT
2016-04-30 00:00:00,72862000000.0,51515000000.0,21347000000.0,14304000000.0,5688000000.0,,-867000000.0,867000000.0,4821000000.0,1537000000.0,3284000000.0,3360000000.0,5.45,0.293,0.0781,0.0662,0.0461,0.0446,7907000000.0,5688000000.0,5.26,0.13,5.4231,0.13,5.3,3284000000.0,76000000.0,3360000000.0,0.1085,0.0631,TGT
2016-01-31 00:00:00,73785000000.0,52241000000.0,21544000000.0,14665000000.0,5530000000.0,,-607000000.0,607000000.0,4923000000.0,1602000000.0,3321000000.0,3363000000.0,5.38,0.292,0.0749,0.0667,0.0456,0.0616,7743000000.0,5530000000.0,5.25,0.07,5.3576,0.07,5.29,3321000000.0,42000000.0,3363000000.0,0.1049,0.0807,TGT
2015-10-31 00:00:00,73909000000.0,51963000000.0,21946000000.0,14802000000.0,4946000000.0,,-605000000.0,605000000.0,4341000000.0,1480000000.0,2861000000.0,-703000000.0,-1.09,0.2969,0.0669,0.0587,-0.0095,0.064,7142000000.0,4946000000.0,4.49,-5.57,-1.1069,-5.61,4.5,2861000000.0,-3564000000.0,-703000000.0,0.0966,0.0846,TGT
2015-07-31 00:00:00,73550000000.0,51694000000.0,21856000000.0,14710000000.0,4974000000.0,,-600000000.0,600000000.0,4374000000.0,1463000000.0,2911000000.0,-900000000.0,-1.42,0.2972,0.0676,0.0595,-0.0122,0.058,7144000000.0,4974000000.0,4.55,-5.95,-1.4319,-6.01,4.57,2911000000.0,-3811000000.0,-900000000.0,0.0971,0.079,TGT
2015-04-30 00:00:00,73080000000.0,51441000000.0,21639000000.0,14814000000.0,4667000000.0,,-885000000.0,885000000.0,3782000000.0,1253000000.0,2529000000.0,-1419000000.0,-2.23,0.2961,0.0639,0.0518,-0.0194,0.0545,6825000000.0,4667000000.0,3.95,-6.17,-2.2468,-6.23,3.98,2529000000.0,-3948000000.0,-1419000000.0,0.0934,0.076,TGT
2015-01-31 00:00:00,72618000000.0,51278000000.0,21340000000.0,14676000000.0,4535000000.0,,-882000000.0,882000000.0,3653000000.0,1204000000.0,2449000000.0,-1636000000.0,-2.56,0.2939,0.0625,0.0503,-0.0225,0.0382,6664000000.0,4535000000.0,3.83,-6.38,-2.5776,-6.44,3.86,2449000000.0,-4085000000.0,-1636000000.0,0.0918,0.0615,TGT
2014-10-31 00:00:00,71066000000.0,50315000000.0,20751000000.0,13943000000.0,5267000000.0,,-1206000000.0,815000000.0,4061000000.0,1329000000.0,2732000000.0,1525000000.0,2.4,0.292,0.0741,0.0571,0.0215,0.0491,7199000000.0,5267000000.0,4.2666,,2.4098,,4.3118,2732000000.0,,1525000000.0,0.1013,0.0537,TGT
2014-07-31 00:00:00,71070000000.0,50277000000.0,20793000000.0,14152000000.0,5066000000.0,,-1225000000.0,834000000.0,3841000000.0,1294000000.0,2547000000.0,1514000000.0,2.39,0.2926,0.0713,0.054,0.0213,0.0442,7032000000.0,5066000000.0,3.9816,,2.3948,,4.022,2547000000.0,,1514000000.0,0.0989,0.0552,TGT
2014-04-30 00:00:00,71230000000.0,50224000000.0,21006000000.0,14251000000.0,5175000000.0,,-963000000.0,572000000.0,4212000000.0,1445000000.0,2767000000.0,1891000000.0,2.98,0.2949,0.0727,0.0591,0.0265,0.0338,7146000000.0,5175000000.0,4.3233,,2.9879,,4.3645,2767000000.0,,1891000000.0,0.1003,0.0535,TGT
2014-01-31 00:00:00,71279000000.0,50039000000.0,21240000000.0,14465000000.0,5170000000.0,,-1049000000.0,1049000000.0,4121000000.0,1427000000.0,2694000000.0,1971000000.0,3.1,0.298,0.0725,0.0578,0.0277,0.066,7166000000.0,5170000000.0,4.2,,3.1035,,4.2401,2694000000.0,,1971000000.0,0.1005,0.0915,TGT
2013-10-31 00:00:00,73807000000.0,51735000000.0,22072000000.0,15100000000.0,4883000000.0,,-693000000.0,1089000000.0,4190000000.0,1463000000.0,2727000000.0,2411000000.0,3.76,0.2991,0.0662,0.0568,0.0327,0.054,6972000000.0,4883000000.0,4.1929,,3.7542,,4.2374,2727000000.0,,2411000000.0,0.0945,0.0912,TGT
2013-07-31 00:00:00,73478000000.0,51277000000.0,22201000000.0,14951000000.0,5188000000.0,,-564000000.0,1116000000.0,4624000000.0,1601000000.0,3023000000.0,2707000000.0,4.19,0.3021,0.0706,0.0629,0.0368,0.0599,7251000000.0,5188000000.0,4.6198,,4.1868,,4.67,3023000000.0,,2707000000.0,0.0987,0.0948,TGT
2013-04-30 00:00:00,73140000000.0,50937000000.0,22203000000.0,14841000000.0,5311000000.0,,-577000000.0,1129000000.0,4734000000.0,1618000000.0,3116000000.0,2800000000.0,4.3,0.3036,0.0726,0.0647,0.0383,0.0672,7362000000.0,5311000000.0,4.7301,,4.2963,,4.7795,3116000000.0,,2800000000.0,0.1007,0.0991,TGT
2013-01-31 00:00:00,73301000000.0,51035000000.0,22266000000.0,14643000000.0,5579000000.0,,-523000000.0,684000000.0,5056000000.0,1741000000.0,3315000000.0,2999000000.0,4.57,0.3038,0.0761,0.069,0.0409,0.0415,7623000000.0,5579000000.0,5.0,,4.5668,,5.05,3315000000.0,,2999000000.0,0.104,0.0726,TGT
