Date,Revenue,Cost of Revenue,Gross Profit,R&D Expenses,SG&A Expenses,Operating Income,Interest Expense (Operating),Non-operating Income/Expense,Non-operating Interest Expenses,EBT,Income Tax Provision,Income after Tax,Share of Subsidiary Earnings,Net Income Common,EPS (Basic),Gross Margin,EBIT Margin,EBT margin,Net Profit Margin,Free Cash Flow Margin,EBITDA,EBIT,"EPS (Diluted, from Cont. Ops)","EPS (Diluted, from Disc. Ops)","EPS (Basic, Consolidated)","EPS (Basic, from Discontinued Ops)","EPS (Basic, from Continuous Ops)",Income from Continuous Operations,Income from Discontinued Operations,Consolidated Net Income/Loss,EBITDA Margin,Operating Cash Flow Margin,Ticker
2022-09-30 00:00:00,44167000000.0,24846000000.0,19321000000.0,1472000000.0,8972000000.0,9070000000.0,618000000.0,554000000.0,133000000.0,7920000000.0,732000000.0,7187000000.0,-145000000.0,7032000000.0,17.78,0.4375,0.2054,0.1793,0.1592,0.1274,12435000000.0,9070000000.0,17.8134,,17.9386,,17.9386,7045000000.0,,7045000000.0,0.2815,0.1839,TMO
2022-06-30 00:00:00,42820000000.0,23176000000.0,19644000000.0,1472000000.0,8709000000.0,9638000000.0,573000000.0,659000000.0,74000000.0,8492000000.0,972000000.0,7523000000.0,-76000000.0,7439000000.0,18.79,0.4588,0.2251,0.1983,0.1737,0.1486,12816000000.0,9638000000.0,18.8145,,18.9471,,18.9471,7450000000.0,,7449000000.0,0.2993,0.2064,TMO
2022-03-31 00:00:00,41123000000.0,21541000000.0,19582000000.0,1450000000.0,8399000000.0,9800000000.0,547000000.0,611000000.0,160000000.0,8624000000.0,993000000.0,7634000000.0,-26000000.0,7603000000.0,19.22,0.4762,0.2383,0.2097,0.1849,0.1707,12862000000.0,9800000000.0,19.1997,,19.3459,,19.3459,7611000000.0,,7610000000.0,0.3128,0.2319,TMO
2021-12-31 00:00:00,39211000000.0,19904000000.0,19307000000.0,1406000000.0,7948000000.0,10028000000.0,536000000.0,407000000.0,267000000.0,8837000000.0,1108000000.0,7732000000.0,,7725000000.0,19.54,0.4924,0.2557,0.2254,0.197,0.1737,12831000000.0,10028000000.0,19.4661,,19.6141,,19.6141,7728000000.0,,7727000000.0,0.3272,0.2375,TMO
2021-09-30 00:00:00,39059000000.0,19126000000.0,19933000000.0,1390000000.0,7747000000.0,10561000000.0,521000000.0,-488000000.0,402000000.0,9872000000.0,1300000000.0,8576000000.0,,8565000000.0,21.67,0.5103,0.2704,0.2527,0.2193,0.2029,13142000000.0,10561000000.0,21.5622,,21.7261,,21.7261,8569000000.0,,8568000000.0,0.3365,0.261,TMO
2021-06-30 00:00:00,38250000000.0,18630000000.0,19620000000.0,1335000000.0,7394000000.0,10709000000.0,537000000.0,-758000000.0,537000000.0,9951000000.0,1348000000.0,8603000000.0,,8596000000.0,21.76,0.5129,0.28,0.2602,0.2247,0.2128,13167000000.0,10709000000.0,21.6133,,21.7775,,21.7775,8599000000.0,,8599000000.0,0.3442,0.268,TMO
2021-03-31 00:00:00,35894000000.0,17421000000.0,18473000000.0,1256000000.0,7205000000.0,9937000000.0,552000000.0,-782000000.0,552000000.0,9155000000.0,1226000000.0,7929000000.0,,7924000000.0,20.03,0.5147,0.2768,0.2551,0.2208,0.2249,12309000000.0,9937000000.0,19.8991,,20.0502,,20.0502,7926000000.0,,7926000000.0,0.3429,0.2761,TMO
2020-12-31 00:00:00,32218000000.0,16214000000.0,16004000000.0,1181000000.0,6930000000.0,7794000000.0,553000000.0,-564000000.0,553000000.0,7230000000.0,850000000.0,6380000000.0,,6375000000.0,16.09,0.4967,0.2419,0.2244,0.1979,0.2118,10119000000.0,7794000000.0,15.9824,,16.1036,,16.1036,6377000000.0,,6377000000.0,0.3141,0.2573,TMO
2020-09-30 00:00:00,28497000000.0,15014000000.0,13483000000.0,1067000000.0,6365000000.0,5955000000.0,549000000.0,-582000000.0,549000000.0,5373000000.0,492000000.0,4881000000.0,,4879000000.0,12.3,0.4731,0.209,0.1885,0.1712,0.2004,8254000000.0,5955000000.0,12.2151,,12.3075,,12.3075,4881000000.0,,4881000000.0,0.2896,0.2408,TMO
2020-06-30 00:00:00,26248000000.0,14333000000.0,11915000000.0,1018000000.0,6312000000.0,4475000000.0,,-532000000.0,569000000.0,3943000000.0,235000000.0,3708000000.0,,3706000000.0,9.31,0.4539,0.1705,0.1502,0.1412,0.1629,6774000000.0,4475000000.0,9.2517,,9.3215,,9.3215,3708000000.0,,3708000000.0,0.2581,0.2009,TMO
2020-03-31 00:00:00,25647000000.0,14286000000.0,11361000000.0,1000000000.0,6167000000.0,4580000000.0,,-497000000.0,613000000.0,4083000000.0,412000000.0,3671000000.0,,3669000000.0,9.19,0.443,0.1786,0.1592,0.1431,0.1457,6876000000.0,4580000000.0,9.1239,,9.1924,,9.1924,3671000000.0,,3671000000.0,0.2681,0.1825,TMO
2019-12-31 00:00:00,25542000000.0,14214000000.0,11328000000.0,1003000000.0,6144000000.0,4594000000.0,,-522000000.0,676000000.0,4072000000.0,374000000.0,3698000000.0,,3696000000.0,9.24,0.4435,0.1799,0.1594,0.1447,0.1599,6871000000.0,4594000000.0,9.1762,,9.245,,9.245,3698000000.0,,3698000000.0,0.269,0.1947,TMO
2019-09-30 00:00:00,25220000000.0,14003000000.0,11217000000.0,992000000.0,6142000000.0,4510000000.0,,-466000000.0,,4044000000.0,452000000.0,3592000000.0,,3592000000.0,8.96,0.4448,0.1788,0.1603,0.1424,0.1587,6769000000.0,4510000000.0,8.892,,8.9688,,8.9688,3592000000.0,,3592000000.0,0.2684,0.1927,TMO
2019-06-30 00:00:00,24868000000.0,13799000000.0,11069000000.0,985000000.0,6093000000.0,4476000000.0,,-444000000.0,,4032000000.0,491000000.0,3541000000.0,,3541000000.0,8.83,0.4451,0.18,0.1621,0.1424,0.1667,6723000000.0,4476000000.0,8.7571,,8.8372,,8.8372,3541000000.0,,3541000000.0,0.2703,0.1996,TMO
2019-03-31 00:00:00,24630000000.0,13646000000.0,10984000000.0,981000000.0,6070000000.0,3917000000.0,,-472000000.0,,3445000000.0,271000000.0,3174000000.0,,3174000000.0,7.9,0.446,0.159,0.1399,0.1289,0.1757,6164000000.0,3917000000.0,7.8326,,7.9057,,7.9057,3174000000.0,,3174000000.0,0.2503,0.2076,TMO
2018-12-31 00:00:00,24358000000.0,13501000000.0,10857000000.0,967000000.0,6057000000.0,3783000000.0,,-521000000.0,,3262000000.0,324000000.0,2938000000.0,,2938000000.0,7.3,0.4457,0.1553,0.1339,0.1206,0.1574,6050000000.0,3783000000.0,7.2364,,7.3085,,7.3085,2938000000.0,,2938000000.0,0.2484,0.1865,TMO
2018-09-30 00:00:00,23898000000.0,13294000000.0,10604000000.0,949000000.0,6026000000.0,3592000000.0,,-522000000.0,,3070000000.0,500000000.0,2570000000.0,,2568000000.0,6.39,0.4437,0.1503,0.1285,0.1075,0.1644,5875000000.0,3592000000.0,6.3261,,6.376,,6.3908,2570000000.0,,2568000000.0,0.2458,0.1928,TMO
2018-06-30 00:00:00,23094000000.0,12805000000.0,10289000000.0,926000000.0,5936000000.0,3314000000.0,,-574000000.0,,2740000000.0,345000000.0,2395000000.0,,2393000000.0,5.98,0.4455,0.1435,0.1186,0.1036,0.1601,5551000000.0,3314000000.0,5.9198,,5.9608,,5.9771,2395000000.0,,2393000000.0,0.2404,0.1869,TMO
2018-03-31 00:00:00,22006000000.0,12171000000.0,9835000000.0,906000000.0,5685000000.0,3126000000.0,,-566000000.0,,2560000000.0,304000000.0,2256000000.0,,2253000000.0,5.68,0.4469,0.1421,0.1163,0.1024,0.1453,5269000000.0,3126000000.0,5.6276,,5.664,,5.6811,2256000000.0,,2253000000.0,0.2394,0.1691,TMO
2017-12-31 00:00:00,20918000000.0,11470000000.0,9448000000.0,887000000.0,5504000000.0,2960000000.0,,-531000000.0,,2429000000.0,201000000.0,2228000000.0,,2225000000.0,5.65,0.4517,0.1415,0.1161,0.1064,0.1675,4993000000.0,2960000000.0,5.6,-0.0148,5.6329,-0.0149,5.65,2228000000.0,-5900000.0,2225000000.0,0.2387,0.1915,TMO
2017-09-30 00:00:00,19824100000.0,10765400000.0,9058700000.0,865800000.0,5285400000.0,2764398900.0,,-503400000.0,,2261000000.0,-69400000.0,2330400000.0,,2326700000.0,5.93,0.457,0.1394,0.1141,0.1174,0.1476,4697199000.0,2764399400.0,5.8985,,5.9186,,5.9292,2330400000.0,,2326700000.0,0.2369,0.1687,TMO
2017-06-30 00:00:00,19199000000.0,10386400000.0,8812600000.0,832100000.0,5160000000.0,2671499000.0,,-462600000.0,,2208900000.0,-61000000.0,2269900000.0,,2266200000.0,5.78,0.459,0.1391,0.1151,0.118,0.1475,4520299000.0,2671499500.0,5.7485,-0.0101,5.7697,-0.0102,5.7792,2269900000.0,-4000000.0,2266200000.0,0.2354,0.1677,TMO
2017-03-31 00:00:00,18744200000.0,10137100000.0,8607100000.0,792500000.0,5092100000.0,2560099600.0,,-456100000.0,,2104000000.0,-69700000.0,2173700000.0,,2170800000.0,5.52,0.4592,0.1366,0.1122,0.1158,0.1538,4367000000.0,2560100100.0,5.4885,,5.512,,5.5192,2173700000.0,,2170800000.0,0.233,0.1752,TMO
2016-12-31 00:00:00,18274000000.0,9902000000.0,8372000000.0,754000000.0,4971000000.0,2457999500.0,,-434000000.0,,2024000000.0,-1000000.0,2025000000.0,,2022000000.0,5.13,0.4581,0.1345,0.1108,0.1106,0.1554,4215999900.0,2458000000.0,5.1,-0.0171,5.119,-0.0171,5.13,2025000000.0,-6800000.0,2022000000.0,0.2307,0.1783,TMO
2016-09-30 00:00:00,17973001000.0,9774300000.0,8198701000.0,722200000.0,4900900000.0,2386601100.0,,-432300000.0,,1954300000.0,-44300000.0,1998600000.0,,1994500100.0,5.04,0.4562,0.1328,0.1087,0.111,0.1669,4095101900.0,2386600600.0,5.01,,5.0317,,5.05,1998600000.0,,1994500100.0,0.2278,0.1895,TMO
2016-06-30 00:00:00,17605301000.0,9577200000.0,8028101000.0,710500000.0,4759600000.0,2408401100.0,,-413900000.0,,1994500000.0,-7900000.0,2002400000.0,,1997100100.0,5.03,0.456,0.1368,0.1133,0.1134,0.1658,4111602000.0,2408400600.0,5.01,-0.0133,5.0253,-0.0133,5.05,2002400000.0,-5300000.0,1997100100.0,0.2335,0.19,TMO
2016-03-31 00:00:00,17341001000.0,9449600000.0,7891401000.0,702700000.0,4687500000.0,2366600300.0,,-389600000.0,,1977000000.0,-20200000.0,1997200000.0,,1992100100.0,5.0,0.4551,0.1365,0.114,0.1149,0.1603,4054401000.0,2366599800.0,4.98,-0.0255,4.9979,-0.0256,5.02,1997200000.0,-7900000.0,1992100100.0,0.2338,0.1843,TMO
2015-12-31 00:00:00,16965001000.0,9209000000.0,7756001000.0,692000000.0,4612000000.0,2336000400.0,,-400000000.0,,1936000000.0,-44000000.0,1980000000.0,,1975000100.0,4.95,0.4572,0.1377,0.1141,0.1164,0.1495,4024001100.0,2335999900.0,4.93,-0.0152,4.9498,-0.0153,4.97,1980000000.0,-6100000.0,1975000100.0,0.2372,0.1734,TMO
2015-09-30 00:00:00,16805699000.0,9066201000.0,7739498000.0,694500000.0,4658300000.0,2285097600.0,,-394300000.0,,1890800000.0,-87200000.0,1977999900.0,,1974000100.0,4.94,0.4605,0.136,0.1125,0.1175,0.1267,3977498100.0,2285098800.0,4.9159,-0.008,4.9453,-0.0082,4.9618,1977999900.0,-3200000.0,1974000000.0,0.2367,0.1513,TMO
2015-06-30 00:00:00,16853899000.0,9064101000.0,7789798000.0,698100000.0,4753700000.0,2362497500.0,,-400600000.0,,1961900000.0,-8700000.0,1970599900.0,,1969500100.0,4.93,0.4622,0.1402,0.1164,0.1169,0.1233,4082898000.0,2362498700.0,4.8859,,4.9314,,4.9318,1970599900.0,,1969500000.0,0.2423,0.1468,TMO
2015-03-31 00:00:00,16904899000.0,9210401000.0,7694498000.0,707200000.0,4856500000.0,2114797800.0,,-420000000.0,,1694800000.0,-42700000.0,1737499900.0,,1736400100.0,4.35,0.4552,0.1251,0.1003,0.1027,0.1316,3850298100.0,2114799000.0,4.3068,,4.3446,,4.3491,1737499900.0,,1736400000.0,0.2278,0.1537,TMO
2014-12-31 00:00:00,16889599000.0,9397601000.0,7491998000.0,691100000.0,4896100000.0,2502997800.0,,-415800000.0,,2087200000.0,191700000.0,1895499900.0,,1894400100.0,4.76,0.4436,0.1482,0.1236,0.1122,0.1327,4187798100.0,2502999000.0,4.71,-0.0053,4.7574,-0.0055,4.76,1895499900.0,-2100000.0,1894400000.0,0.248,0.1551,TMO
2014-09-30 00:00:00,15863700000.0,8981900000.0,6881799000.0,613300000.0,4558200100.0,2318900100.0,,-391200000.0,,1927700000.0,293200000.0,1634499900.0,,1635300000.0,4.21,0.4338,0.1462,0.1215,0.1031,0.1294,3824300100.0,2318899400.0,4.1541,0.0068,4.2028,0.0067,4.1982,1634499900.0,500000.0,1635299900.0,0.2411,0.1509,TMO
2014-06-30 00:00:00,14884100000.0,8588000000.0,6296099000.0,534000000.0,4178000100.0,2070700200.0,,-363200000.0,,1707500000.0,225200000.0,1482299900.0,,1481300000.0,3.91,0.423,0.1391,0.1147,0.0995,0.1292,3370800200.0,2070699500.0,3.8541,,3.9028,,3.9082,1482299900.0,,1481299900.0,0.2265,0.1494,TMO
2014-03-31 00:00:00,13802300000.0,7989500000.0,5812799000.0,447000000.0,3793800100.0,2098000200.0,,-347000000.0,,1751000000.0,269600000.0,1481399900.0,,1480200000.0,3.98,0.4211,0.152,0.1269,0.1072,0.1097,3212500300.0,2097999500.0,3.9232,,3.9761,,3.9809,1481399900.0,,1480199900.0,0.2328,0.1314,TMO
2013-12-31 00:00:00,13090300000.0,7561200000.0,5529099000.0,395500000.0,3446300100.0,1609600300.0,,-290100000.0,,1319500000.0,40400000.0,1279099900.0,,1273300000.0,3.54,0.4224,0.123,0.1008,0.0973,0.1336,2609500400.0,1609599600.0,3.5,-0.0159,3.534,-0.0161,3.55,1279099900.0,-5800000.0,1273299900.0,0.1993,0.1536,TMO
2013-09-30 00:00:00,12882700000.0,7449200000.0,5433500000.0,389300000.0,3404199900.0,1555201100.0,,-269800000.0,,1285400000.0,-36500000.0,1321900000.0,,1307600000.0,3.64,0.4218,0.1207,0.0998,0.1015,0.1294,2560201300.0,1555201400.0,3.62,-0.0404,3.6336,-0.041,3.67,1321900000.0,-14300000.0,1307600000.0,0.1987,0.1508,TMO
2013-06-30 00:00:00,12776600000.0,7392600000.0,5384000000.0,385400000.0,3394699900.0,1515301200.0,,-252500000.0,,1262800000.0,-40800000.0,1303600000.0,,1280400000.0,3.56,0.4214,0.1186,0.0988,0.1002,0.1263,2515101300.0,1515301500.0,3.58,-0.0647,3.5552,-0.0655,3.62,1303600000.0,-23200000.0,1280400000.0,0.1969,0.15,TMO
2013-03-31 00:00:00,12644600000.0,7302500000.0,5342100000.0,382900000.0,3360099900.0,1507701100.0,,-206500000.0,,1301200000.0,-17200000.0,1318400000.0,,1236800000.0,3.43,0.4225,0.1192,0.1029,0.0978,0.1302,2499901100.0,1507701400.0,3.61,-0.2228,3.4217,-0.2246,3.65,1318400000.0,-81600000.0,1236800000.0,0.1977,0.1539,TMO
2012-12-31 00:00:00,12509900000.0,7214400000.0,5295500000.0,376400000.0,3354899900.0,1482101200.0,,-212700000.0,,1269400000.0,11000000.0,1258400000.0,,1177900000.0,3.25,0.4233,0.1185,0.1015,0.0942,0.1389,2465801200.0,1482101500.0,3.43,-0.2196,3.2379,-0.2213,3.46,1258400000.0,-80500000.0,1177900000.0,0.1971,0.163,TMO
