Date,Revenue,Cost of Revenue,Gross Profit,SG&A Expenses,Operating Income,Non-operating Income/Expense,Non-operating Interest Expenses,EBT,Income Tax Provision,Income after Tax,Net Income Common,EPS (Basic),Gross Margin,EBIT Margin,EBT margin,Net Profit Margin,Free Cash Flow Margin,EBITDA,EBIT,"EPS (Diluted, from Cont. Ops)","EPS (Basic, Consolidated)","EPS (Basic, from Continuous Ops)",Income from Continuous Operations,Consolidated Net Income/Loss,EBITDA Margin,Operating Cash Flow Margin,Ticker
2022-09-30 00:00:00,36268000000.0,21749000000.0,14510000000.0,10142000000.0,4368000000.0,-351000000.0,351000000.0,4017000000.0,661000000.0,3356000000.0,3331000000.0,13.7,0.4001,0.1204,0.1108,0.0918,0.1879,10597000000.0,4368000000.0,13.7505,13.8963,13.8963,3356000000.0,3331000000.0,0.2922,0.188,TRV
2022-06-30 00:00:00,35761000000.0,21125000000.0,14636000000.0,10011000000.0,4625000000.0,-350000000.0,350000000.0,4275000000.0,711000000.0,3564000000.0,3538000000.0,14.44,0.4093,0.1293,0.1195,0.0989,0.1923,10746000000.0,4625000000.0,14.489,14.6403,14.6403,3564000000.0,3538000000.0,0.3005,0.1923,TRV
2022-03-31 00:00:00,35312000000.0,20367000000.0,14945000000.0,9851000000.0,5094000000.0,-345000000.0,345000000.0,4749000000.0,802000000.0,3947000000.0,3918000000.0,15.85,0.4232,0.1443,0.1345,0.111,0.2081,11109000000.0,5094000000.0,15.8938,16.0547,16.0547,3947000000.0,3925000000.0,0.3146,0.2081,TRV
2021-12-31 00:00:00,34816000000.0,20298000000.0,14518000000.0,9720000000.0,4798000000.0,-340000000.0,340000000.0,4458000000.0,796000000.0,3662000000.0,3635000000.0,14.59,0.417,0.1378,0.128,0.1044,0.209,10711000000.0,4798000000.0,14.6012,14.7365,14.7365,3662000000.0,3647000000.0,0.3076,0.2089,TRV
2021-09-30 00:00:00,34202000000.0,19820000000.0,14382000000.0,9623000000.0,4759000000.0,-335000000.0,335000000.0,4424000000.0,785000000.0,3639000000.0,3615000000.0,14.35,0.4205,0.1391,0.1293,0.1057,0.2104,10590000000.0,4759000000.0,14.3771,14.4804,14.4804,3639000000.0,3634000000.0,0.3096,0.2188,TRV
2021-06-30 00:00:00,33672000000.0,19242000000.0,14430000000.0,9471000000.0,4959000000.0,-335000000.0,335000000.0,4624000000.0,820000000.0,3804000000.0,3779000000.0,14.96,0.4285,0.1473,0.1373,0.1122,0.2127,10690000000.0,4959000000.0,14.9823,15.0727,15.0727,3804000000.0,3804000000.0,0.3175,0.2158,TRV
2021-03-31 00:00:00,32386000000.0,19304000000.0,13082000000.0,9337000000.0,4549000000.0,-337000000.0,337000000.0,3408000000.0,578000000.0,2830000000.0,2811000000.0,11.1,0.4039,0.1405,0.1052,0.0868,0.2155,9368000000.0,4549000000.0,11.1331,11.1881,11.1881,2830000000.0,2830000000.0,0.2893,0.2186,TRV
2020-12-31 00:00:00,31981000000.0,19123000000.0,12858000000.0,9282000000.0,4733000000.0,-339000000.0,339000000.0,3237000000.0,540000000.0,2697000000.0,2678000000.0,10.55,0.4021,0.148,0.1012,0.0837,0.2003,9138000000.0,4733000000.0,10.5931,10.639,10.639,2697000000.0,2697000000.0,0.2857,0.2038,TRV
2020-09-30 00:00:00,31647000000.0,19422000000.0,12225000000.0,9191000000.0,3550000000.0,-339000000.0,339000000.0,2695000000.0,435000000.0,2260000000.0,2241000000.0,8.79,0.3863,0.1122,0.0852,0.0708,0.1949,8532000000.0,3550000000.0,8.8031,8.8618,8.8618,2260000000.0,2260000000.0,0.2696,0.1905,TRV
2020-06-30 00:00:00,31385000000.0,19766000000.0,11619000000.0,9142000000.0,,-336000000.0,336000000.0,2141000000.0,312000000.0,1829000000.0,1813000000.0,7.07,0.3702,0.0,0.0682,0.0578,0.1803,7931000000.0,,7.0636,7.1247,7.1247,1829000000.0,1829000000.0,0.2527,0.1818,TRV
2020-03-31 00:00:00,31818000000.0,19480000000.0,12338000000.0,9107000000.0,3231000000.0,-340000000.0,340000000.0,2891000000.0,465000000.0,2426000000.0,2407000000.0,9.34,0.3878,0.1015,0.0909,0.0756,0.1618,8648000000.0,3231000000.0,9.3348,9.4153,9.4153,2426000000.0,2426000000.0,0.2718,0.1632,TRV
2019-12-31 00:00:00,31581000000.0,19133000000.0,12448000000.0,8966000000.0,3482000000.0,-344000000.0,344000000.0,3138000000.0,516000000.0,2622000000.0,2603000000.0,10.01,0.3942,0.1103,0.0994,0.0824,0.1614,8846000000.0,3482000000.0,9.9961,10.0846,10.0846,2622000000.0,2622000000.0,0.2801,0.1648,TRV
2019-09-30 00:00:00,31314000000.0,19271000000.0,12043000000.0,8885000000.0,3158000000.0,-348000000.0,348000000.0,2810000000.0,440000000.0,2370000000.0,2353000000.0,8.97,0.3846,0.1008,0.0897,0.0751,0.1478,8475000000.0,3158000000.0,8.9652,9.0393,9.0393,2370000000.0,2370000000.0,0.2706,0.1514,TRV
2019-06-30 00:00:00,31024000000.0,18696000000.0,12328000000.0,8794000000.0,3534000000.0,-350000000.0,350000000.0,3184000000.0,501000000.0,2683000000.0,2664000000.0,10.1,0.3974,0.1139,0.1026,0.0859,0.1405,8817000000.0,3534000000.0,10.0942,10.1759,10.1759,2683000000.0,2683000000.0,0.2842,0.1442,TRV
2019-03-31 00:00:00,30667000000.0,18437000000.0,12230000000.0,8729000000.0,3501000000.0,-351000000.0,351000000.0,3150000000.0,500000000.0,2650000000.0,2631000000.0,9.92,0.3988,0.1142,0.1027,0.0858,0.1417,8740000000.0,3501000000.0,9.9149,9.9944,9.9944,2650000000.0,2650000000.0,0.285,0.1456,TRV
2018-12-31 00:00:00,30282000000.0,18291000000.0,11991000000.0,8678000000.0,3313000000.0,-352000000.0,352000000.0,2961000000.0,438000000.0,2523000000.0,2504000000.0,9.36,0.396,0.1094,0.0978,0.0827,0.1422,8497000000.0,3313000000.0,9.3514,9.4352,9.4352,2523000000.0,2523000000.0,0.2806,0.1446,TRV
2018-09-30 00:00:00,29937000000.0,17855000000.0,12082000000.0,8649000000.0,3433000000.0,-358000000.0,358000000.0,3075000000.0,622000000.0,2453000000.0,2435000000.0,9.03,0.4036,0.1147,0.1027,0.0813,0.1342,8575000000.0,3433000000.0,9.0276,9.1133,9.1133,2453000000.0,2453000000.0,0.2864,0.1368,TRV
2018-06-30 00:00:00,29539000000.0,18006000000.0,11533000000.0,8577000000.0,2956000000.0,-367000000.0,367000000.0,2589000000.0,552000000.0,2037000000.0,2022000000.0,7.44,0.3904,0.1001,0.0876,0.0685,0.1359,8044000000.0,2956000000.0,7.4453,7.5179,7.5179,2037000000.0,2037000000.0,0.2723,0.1385,TRV
2018-03-31 00:00:00,29246000000.0,17669000000.0,11577000000.0,8460000000.0,3117000000.0,-369000000.0,369000000.0,2748000000.0,640000000.0,2108000000.0,2092000000.0,7.64,0.3958,0.1066,0.094,0.0715,0.1292,8155000000.0,3117000000.0,7.6374,7.7119,7.7119,2108000000.0,2108000000.0,0.2788,0.1318,TRV
2017-12-31 00:00:00,28902000000.0,17467000000.0,11435000000.0,8336000000.0,3099000000.0,-369000000.0,369000000.0,2730000000.0,674000000.0,2056000000.0,2041000000.0,7.38,0.3956,0.1072,0.0945,0.0706,0.1415,8078000000.0,3099000000.0,7.3797,7.4492,7.4492,2056000000.0,2056000000.0,0.2795,0.1435,TRV
2017-09-30 00:00:00,28644000000.0,16865000000.0,11779000000.0,8241000000.0,3538000000.0,-366000000.0,366000000.0,3172000000.0,724000000.0,2448000000.0,2431000000.0,8.7,0.4112,0.1235,0.1107,0.0849,0.1687,8458000000.0,3538000000.0,8.6747,8.7395,8.7395,2448000000.0,2448000000.0,0.2953,0.1708,TRV
2017-06-30 00:00:00,28280000000.0,15915000000.0,12365000000.0,8206000000.0,4159000000.0,-360000000.0,360000000.0,3799000000.0,928000000.0,2871000000.0,2850000000.0,10.12,0.4372,0.1471,0.1343,0.1008,0.1724,9041000000.0,4159000000.0,10.0861,10.174,10.174,2871000000.0,2871000000.0,0.3197,0.1743,TRV
2017-03-31 00:00:00,27881000000.0,15452000000.0,12429000000.0,8172000000.0,4257000000.0,-361000000.0,361000000.0,3896000000.0,956000000.0,2940000000.0,2919000000.0,10.26,0.4458,0.1527,0.1397,0.1047,0.1582,9098000000.0,4257000000.0,10.2227,10.3188,10.3188,2940000000.0,2940000000.0,0.3263,0.1602,TRV
2016-12-31 00:00:00,27625000000.0,15070000000.0,12555000000.0,8139000000.0,4416000000.0,-363000000.0,363000000.0,4053000000.0,1039000000.0,3014000000.0,2992000000.0,10.4,0.4545,0.1599,0.1467,0.1083,0.16,9227000000.0,4416000000.0,10.3575,10.4616,10.4616,3014000000.0,3014000000.0,0.334,0.1618,TRV
2016-09-30 00:00:00,27110000000.0,14693000000.0,12417000000.0,8089000000.0,4328000000.0,-368000000.0,368000000.0,3960000000.0,1023000000.0,2937000000.0,2914000000.0,9.95,0.458,0.1596,0.1461,0.1075,0.1397,9094000000.0,4328000000.0,9.9032,10.0203,10.0203,2937000000.0,2937000000.0,0.3354,0.141,TRV
2016-06-30 00:00:00,26947000000.0,14219000000.0,12728000000.0,8035000000.0,4693000000.0,-373000000.0,373000000.0,4320000000.0,1171000000.0,3149000000.0,3126000000.0,10.47,0.4723,0.1742,0.1603,0.116,0.1402,9414000000.0,4693000000.0,10.4164,10.5337,10.5337,3149000000.0,3149000000.0,0.3494,0.1429,TRV
2016-03-31 00:00:00,26872000000.0,14004000000.0,12868000000.0,7987000000.0,4881000000.0,-372000000.0,372000000.0,4509000000.0,1212000000.0,3297000000.0,3273000000.0,10.76,0.4789,0.1816,0.1678,0.1218,0.1474,9580000000.0,4881000000.0,10.7083,10.8242,10.8242,3297000000.0,3297000000.0,0.3565,0.152,TRV
2015-12-31 00:00:00,26815000000.0,13723000000.0,13092000000.0,7979000000.0,5113000000.0,-373000000.0,373000000.0,4740000000.0,1301000000.0,3439000000.0,3414000000.0,11.01,0.4882,0.1907,0.1768,0.1273,0.1235,9816000000.0,5113000000.0,10.9557,11.0721,11.0721,3439000000.0,3439000000.0,0.3661,0.1281,TRV
2015-09-30 00:00:00,26932000000.0,13569000000.0,13363000000.0,8002000000.0,5361000000.0,-370000000.0,370000000.0,4991000000.0,1380000000.0,3611000000.0,3585000000.0,11.29,0.4962,0.1991,0.1853,0.1331,0.1148,10088000000.0,5361000000.0,11.2355,11.3585,11.3585,3611000000.0,3611000000.0,0.3746,0.1188,TRV
2015-06-30 00:00:00,27020000000.0,13707000000.0,13313000000.0,8002000000.0,5311000000.0,-369000000.0,369000000.0,4942000000.0,1340000000.0,3602000000.0,3575000000.0,11.01,0.4927,0.1966,0.1829,0.1323,0.1175,10055000000.0,5311000000.0,10.9633,11.0841,11.0841,3602000000.0,3602000000.0,0.3721,0.1199,TRV
2015-03-31 00:00:00,27095000000.0,13986000000.0,13109000000.0,7973000000.0,5136000000.0,-369000000.0,369000000.0,4767000000.0,1294000000.0,3473000000.0,3447000000.0,10.43,0.4838,0.1896,0.1759,0.1272,0.1166,9893000000.0,5136000000.0,10.3798,10.496,10.496,3473000000.0,3473000000.0,0.3651,0.1177,TRV
2014-12-31 00:00:00,27174000000.0,13870000000.0,13304000000.0,7846000000.0,5458000000.0,-369000000.0,369000000.0,5089000000.0,1397000000.0,3692000000.0,3665000000.0,10.83,0.4896,0.2009,0.1873,0.1349,0.1347,10204000000.0,5458000000.0,10.7795,10.8974,10.8974,3692000000.0,3692000000.0,0.3755,0.1359,TRV
2014-09-30 00:00:00,27116000000.0,13988000000.0,13128000000.0,7759000000.0,5369000000.0,-369000000.0,369000000.0,5000000000.0,1358000000.0,3642000000.0,3615000000.0,10.41,0.4841,0.198,0.1844,0.1333,0.148,10116000000.0,5369000000.0,10.3634,10.4757,10.4757,3642000000.0,3642000000.0,0.3731,0.151,TRV
2014-06-30 00:00:00,26682000000.0,13765000000.0,12917000000.0,7631000000.0,5286000000.0,-367000000.0,367000000.0,4919000000.0,1332000000.0,3587000000.0,3561000000.0,10.02,0.4841,0.1981,0.1844,0.1335,0.1427,9998000000.0,5286000000.0,9.9687,10.0753,10.0753,3587000000.0,3587000000.0,0.3747,0.1459,TRV
2014-03-31 00:00:00,26571000000.0,13469000000.0,13102000000.0,7546000000.0,5556000000.0,-361000000.0,361000000.0,5195000000.0,1366000000.0,3829000000.0,3801000000.0,10.48,0.4931,0.2091,0.1955,0.1431,0.146,10254000000.0,5556000000.0,10.4336,10.5448,10.5448,3829000000.0,3829000000.0,0.3859,0.1501,TRV
2013-12-31 00:00:00,26191000000.0,13307000000.0,12884000000.0,7578000000.0,5306000000.0,-361000000.0,361000000.0,4945000000.0,1272000000.0,3673000000.0,3646000000.0,9.86,0.4919,0.2026,0.1888,0.1392,0.1416,9994000000.0,5306000000.0,9.8131,9.9191,9.9191,3673000000.0,3673000000.0,0.3816,0.1457,TRV
2013-09-30 00:00:00,25931000000.0,14147000000.0,11784000000.0,7537000000.0,4247000000.0,-362000000.0,362000000.0,3885000000.0,896000000.0,2989000000.0,2967000000.0,7.91,0.4544,0.1638,0.1498,0.1144,0.1255,8926000000.0,4247000000.0,7.9044,7.9864,7.9864,2989000000.0,2989000000.0,0.3442,0.1293,TRV
2013-06-30 00:00:00,25991000000.0,14209000000.0,11782000000.0,7540000000.0,4242000000.0,-364000000.0,364000000.0,3878000000.0,889000000.0,2989000000.0,2967000000.0,7.81,0.4533,0.1632,0.1492,0.1142,0.1201,8953000000.0,4242000000.0,7.8148,7.8943,7.8943,2989000000.0,2989000000.0,0.3445,0.1238,TRV
2013-03-31 00:00:00,25676000000.0,14465000000.0,11211000000.0,7528000000.0,3683000000.0,-374000000.0,374000000.0,3309000000.0,746000000.0,2563000000.0,2544000000.0,6.63,0.4366,0.1434,0.1289,0.0991,0.111,8400000000.0,3683000000.0,6.6542,6.7196,6.7196,2563000000.0,2563000000.0,0.3272,0.1147,TRV
2012-12-31 00:00:00,25740000000.0,14676000000.0,11064000000.0,7520000000.0,3544000000.0,-378000000.0,378000000.0,3166000000.0,693000000.0,2473000000.0,2454000000.0,6.31,0.4298,0.1377,0.123,0.0953,0.1218,8281000000.0,3544000000.0,6.3444,6.4034,6.4034,2473000000.0,2473000000.0,0.3217,0.1255,TRV
