Date,Revenue,Cost of Revenue,Gross Profit,SG&A Expenses,Operating Income,Interest Expense (Operating),Non-operating Income/Expense,Non-operating Interest Expenses,EBT,Income Tax Provision,Income after Tax,Net Income Common,EPS (Basic),Gross Margin,EBIT Margin,EBT margin,Net Profit Margin,Free Cash Flow Margin,EBITDA,EBIT,"EPS (Diluted, from Cont. Ops)","EPS (Diluted, from Disc. Ops)","EPS (Basic, Consolidated)","EPS (Basic, from Discontinued Ops)","EPS (Basic, from Continuous Ops)",Income from Continuous Operations,Income from Discontinued Operations,Consolidated Net Income/Loss,EBITDA Margin,Operating Cash Flow Margin,Ticker
2022-09-30 00:00:00,53282000000.0,46803000000.0,6479000000.0,2258000000.0,4410000000.0,,-201000000.0,93000000.0,4149000000.0,900000000.0,3249000000.0,3238000000.0,,0.1216,0.0828,0.0779,0.0608,0.015,,4410000000.0,8.941,,9.0155,,9.0155,3249000000.0,,3249000000.0,0.0,0.0504,TSN
2022-06-30 00:00:00,52356000000.0,44536000000.0,7820000000.0,2284000000.0,5553000000.0,384000000.0,56000000.0,12000000.0,5318000000.0,1248000000.0,4070000000.0,4055000000.0,11.33,0.1494,0.1061,0.1016,0.0775,0.0268,6721000000.0,5553000000.0,11.1797,,11.2565,,11.2565,4070000000.0,,4070000000.0,0.1284,0.0587,TSN
2022-03-31 00:00:00,51339000000.0,43471000000.0,7868000000.0,2264000000.0,5582000000.0,404000000.0,76000000.0,10000000.0,5298000000.0,1228000000.0,4070000000.0,4054000000.0,11.31,0.1533,0.1087,0.1032,0.079,0.0432,6794000000.0,5582000000.0,11.157,,11.2334,,11.2334,4070000000.0,,4070000000.0,0.1323,0.0724,TSN
2021-12-31 00:00:00,49522000000.0,42050000000.0,7472000000.0,2218000000.0,5146000000.0,417000000.0,50000000.0,117000000.0,4835000000.0,1121000000.0,3714000000.0,3701000000.0,10.33,0.1509,0.1039,0.0976,0.0747,0.0517,6458000000.0,5146000000.0,10.1753,,10.24,,10.24,3714000000.0,,3714000000.0,0.1304,0.0785,TSN
2021-09-30 00:00:00,47049000000.0,40337000000.0,6712000000.0,2130000000.0,4396000000.0,427000000.0,47000000.0,224000000.0,4041000000.0,981000000.0,3060000000.0,3047000000.0,8.51,0.1427,0.0934,0.0859,0.0648,0.0559,5786000000.0,4396000000.0,8.3836,,8.4298,,8.4298,3060000000.0,,3060000000.0,0.123,0.0816,TSN
2021-06-30 00:00:00,45698000000.0,40024000000.0,5674000000.0,2211000000.0,3449000000.0,445000000.0,-283000000.0,346000000.0,3043000000.0,684000000.0,2359000000.0,2346000000.0,6.69,0.1242,0.0755,0.0666,0.0513,0.0584,4731000000.0,3449000000.0,6.461,,6.4947,,6.4947,2359000000.0,,2359000000.0,0.1035,0.0836,TSN
2021-03-31 00:00:00,43242000000.0,37889000000.0,5353000000.0,2193000000.0,3160000000.0,461000000.0,-418000000.0,466000000.0,2742000000.0,610000000.0,2132000000.0,2123000000.0,6.08,0.1238,0.0731,0.0634,0.0491,0.0655,4423000000.0,3160000000.0,5.8487,,5.8733,,5.8733,2132000000.0,,2132000000.0,0.1023,0.0916,TSN
2020-12-31 00:00:00,42830000000.0,37709000000.0,5121000000.0,2166000000.0,2955000000.0,470000000.0,-332000000.0,475000000.0,2623000000.0,589000000.0,2034000000.0,2023000000.0,5.77,0.1196,0.069,0.0612,0.0472,0.0745,4205000000.0,2955000000.0,5.5803,,5.6033,,5.6033,2034000000.0,,2034000000.0,0.0982,0.1019,TSN
2020-09-30 00:00:00,43185000000.0,37801000000.0,5384000000.0,2376000000.0,3008000000.0,479000000.0,-344000000.0,485000000.0,2664000000.0,593000000.0,2071000000.0,2061000000.0,6.02,0.1247,0.0697,0.0617,0.0477,0.0619,4248000000.0,3008000000.0,5.674,,5.7052,,5.7052,2071000000.0,,2071000000.0,0.0984,0.0897,TSN
2020-06-30 00:00:00,42609000000.0,37696000000.0,4913000000.0,2320000000.0,2593000000.0,,-357000000.0,484000000.0,2236000000.0,492000000.0,1744000000.0,1734000000.0,5.1,0.1153,0.0609,0.0525,0.0407,0.0585,3852000000.0,2593000000.0,4.7771,,4.8158,,4.8158,1744000000.0,,1744000000.0,0.0904,0.0865,TSN
2020-03-31 00:00:00,43472000000.0,38536000000.0,4936000000.0,2335000000.0,2601000000.0,,-306000000.0,483000000.0,2295000000.0,396000000.0,1899000000.0,1884000000.0,5.52,0.1135,0.0598,0.0528,0.0433,0.037,3851000000.0,2601000000.0,5.1876,,5.2388,,5.2388,1899000000.0,,1899000000.0,0.0886,0.0652,TSN
2019-12-31 00:00:00,43027000000.0,37920000000.0,5107000000.0,2386000000.0,2721000000.0,,-403000000.0,483000000.0,2318000000.0,368000000.0,1950000000.0,1934000000.0,5.69,0.1187,0.0632,0.0539,0.0449,0.0299,3951000000.0,2721000000.0,5.3241,,5.376,,5.376,1950000000.0,,1950000000.0,0.0918,0.059,TSN
2019-09-30 00:00:00,42405000000.0,37383000000.0,5022000000.0,2252000000.0,2770000000.0,,-396000000.0,462000000.0,2374000000.0,381000000.0,1993000000.0,1980000000.0,5.67,0.1184,0.0653,0.056,0.0467,0.0296,3962000000.0,2770000000.0,5.4454,,5.4903,,5.4903,1993000000.0,,1993000000.0,0.0934,0.0593,TSN
2019-06-30 00:00:00,41520000000.0,36298000000.0,5222000000.0,2243000000.0,2979000000.0,,-320000000.0,426000000.0,2659000000.0,513000000.0,2146000000.0,2136000000.0,6.14,0.1258,0.0717,0.064,0.0514,0.0311,4034000000.0,2979000000.0,5.8738,,5.9117,,5.9117,2146000000.0,,2146000000.0,0.0972,0.062,TSN
2019-03-31 00:00:00,40686000000.0,35501000000.0,5185000000.0,2190000000.0,2995000000.0,,-337000000.0,394000000.0,2658000000.0,651000000.0,2007000000.0,2001000000.0,5.76,0.1274,0.0736,0.0653,0.0492,0.036,4002000000.0,2995000000.0,5.487,,5.5206,,5.5206,2007000000.0,,2007000000.0,0.0984,0.0679,TSN
2018-12-31 00:00:00,40016000000.0,35008000000.0,5008000000.0,2154000000.0,2854000000.0,,-301000000.0,361000000.0,2553000000.0,660000000.0,1893000000.0,1890000000.0,5.44,0.1251,0.0713,0.0638,0.0472,0.0371,3818000000.0,2854000000.0,5.1662,,5.2027,,5.2027,1893000000.0,,1893000000.0,0.0954,0.0676,TSN
2018-09-30 00:00:00,40052000000.0,34956000000.0,5096000000.0,2127000000.0,2969000000.0,,-287000000.0,350000000.0,2682000000.0,-291000000.0,2973000000.0,2970000000.0,8.44,0.1272,0.0741,0.067,0.0742,0.044,3912000000.0,2969000000.0,8.0569,,8.1452,,8.1452,2973000000.0,,2973000000.0,0.0977,0.074,TSN
2018-06-30 00:00:00,40198000000.0,35111000000.0,5087000000.0,2203000000.0,2884000000.0,,-316000000.0,357000000.0,2568000000.0,-317000000.0,2885000000.0,2881000000.0,8.04,0.1265,0.0717,0.0639,0.0717,0.0473,3799000000.0,2884000000.0,7.8023,,7.8884,,7.8884,2885000000.0,,2885000000.0,0.0945,0.0765,TSN
2018-03-31 00:00:00,39997000000.0,35007000000.0,4990000000.0,2206000000.0,2784000000.0,,-322000000.0,339000000.0,2462000000.0,-329000000.0,2791000000.0,2787000000.0,7.73,0.1248,0.0696,0.0616,0.0697,0.0399,3648000000.0,2784000000.0,7.5443,,7.6275,,7.6275,2791000000.0,,2791000000.0,0.0912,0.0689,TSN
2017-12-31 00:00:00,39307000000.0,34285000000.0,5022000000.0,2161000000.0,2861000000.0,,-303000000.0,309000000.0,2558000000.0,-258000000.0,2816000000.0,2812000000.0,7.8,0.1278,0.0728,0.0651,0.0715,0.0363,3674000000.0,2861000000.0,7.6118,,7.6983,,7.6983,2816000000.0,,2816000000.0,0.0935,0.0659,TSN
2017-09-30 00:00:00,38260000000.0,33198000000.0,5062000000.0,2141000000.0,2921000000.0,,-293000000.0,279000000.0,2628000000.0,850000000.0,1778000000.0,1774000000.0,4.9,0.1323,0.0763,0.0687,0.0464,0.04,3682000000.0,2921000000.0,4.8054,,4.8578,,4.8578,1778000000.0,,1778000000.0,0.0962,0.0679,TSN
2017-06-30 00:00:00,37271000000.0,32450000000.0,4821000000.0,1985000000.0,2836000000.0,,-257000000.0,243000000.0,2579000000.0,804000000.0,1775000000.0,1771000000.0,4.86,0.1293,0.0761,0.0692,0.0475,0.0357,3558000000.0,2836000000.0,4.7617,,4.824,,4.824,1775000000.0,,1775000000.0,0.0955,0.0615,TSN
2017-03-31 00:00:00,36824000000.0,31981000000.0,4843000000.0,1937000000.0,2906000000.0,,-233000000.0,232000000.0,2673000000.0,861000000.0,1812000000.0,1808000000.0,4.9,0.1315,0.0789,0.0726,0.0491,0.0485,3619000000.0,2906000000.0,4.8009,,4.8696,,4.8696,1812000000.0,,1812000000.0,0.0983,0.0704,TSN
2016-12-31 00:00:00,36911000000.0,31932000000.0,4979000000.0,1940000000.0,3039000000.0,,-241000000.0,240000000.0,2798000000.0,893000000.0,1905000000.0,1900000000.0,5.09,0.1349,0.0823,0.0758,0.0515,0.0555,3749000000.0,3039000000.0,4.9836,,5.054,,5.054,1905000000.0,,1905000000.0,0.1016,0.0746,TSN
2016-09-30 00:00:00,36881000000.0,32184000000.0,4697000000.0,1864000000.0,2833000000.0,,-235000000.0,249000000.0,2598000000.0,826000000.0,1772000000.0,1768000000.0,4.63,0.1274,0.0768,0.0704,0.0479,0.0548,3538000000.0,2833000000.0,4.5436,,4.6026,,4.6026,1772000000.0,,1772000000.0,0.0959,0.0736,TSN
2016-06-30 00:00:00,38231000000.0,33637000000.0,4594000000.0,1797000000.0,2797000000.0,,-245000000.0,263000000.0,2552000000.0,913000000.0,1639000000.0,1635000000.0,4.22,0.1202,0.0732,0.0668,0.0428,0.0533,3510000000.0,2797000000.0,4.145,,4.1948,,4.1948,1639000000.0,,1639000000.0,0.0918,0.0725,TSN
2016-03-31 00:00:00,38899000000.0,34543000000.0,4356000000.0,1763000000.0,2593000000.0,,-234000000.0,276000000.0,2359000000.0,861000000.0,1498000000.0,1494000000.0,3.8,0.112,0.0667,0.0606,0.0384,0.0538,3305000000.0,2593000000.0,3.7259,,3.7746,,3.7746,1498000000.0,,1498000000.0,0.085,0.0737,TSN
2015-12-31 00:00:00,39708000000.0,35546000000.0,4162000000.0,1726000000.0,2436000000.0,,-238000000.0,283000000.0,2198000000.0,823000000.0,1375000000.0,1372000000.0,3.44,0.1048,0.0613,0.0554,0.0346,0.0514,3144000000.0,2436000000.0,3.371,,3.4258,,3.4258,1375000000.0,,1375000000.0,0.0792,0.0718,TSN
2015-09-30 00:00:00,41373000000.0,37456000000.0,3917000000.0,1748000000.0,2169000000.0,,-248000000.0,293000000.0,1921000000.0,697000000.0,1224000000.0,1220000000.0,3.03,0.0947,0.0524,0.0464,0.0295,0.0415,2880000000.0,2169000000.0,2.9637,,3.0222,,3.0222,1224000000.0,,1224000000.0,0.0696,0.0621,TSN
2015-06-30 00:00:00,40972000000.0,37329000000.0,3643000000.0,1718000000.0,1925000000.0,,-271000000.0,275000000.0,1654000000.0,553000000.0,1101000000.0,1099000000.0,2.74,0.0889,0.047,0.0404,0.0268,0.036,2597000000.0,1925000000.0,2.6507,,2.7124,,2.7124,1101000000.0,,1101000000.0,0.0634,0.0563,TSN
2015-03-31 00:00:00,40583000000.0,37289000000.0,3294000000.0,1581000000.0,1713000000.0,,-267000000.0,227000000.0,1446000000.0,431000000.0,1015000000.0,1016000000.0,2.66,0.0812,0.0422,0.0356,0.025,0.0233,2336000000.0,1713000000.0,2.5445,,2.6001,,2.6001,1015000000.0,,1015000000.0,0.0576,0.0424,TSN
2014-12-31 00:00:00,39636000000.0,36680000000.0,2956000000.0,1429000000.0,1527000000.0,,-223000000.0,181000000.0,1304000000.0,390000000.0,914000000.0,919000000.0,2.52,0.0746,0.0385,0.0329,0.0232,0.0229,2105000000.0,1527000000.0,2.385,,2.4425,,2.4425,914000000.0,,914000000.0,0.0531,0.0411,TSN
2014-09-30 00:00:00,37580000000.0,34895000000.0,2685000000.0,1255000000.0,1430000000.0,,-178000000.0,132000000.0,1252000000.0,396000000.0,856000000.0,864000000.0,2.51,0.0714,0.0381,0.0333,0.023,0.0145,1960000000.0,1430000000.0,2.3517,,2.418,,2.418,856000000.0,,856000000.0,0.0522,0.0313,TSN
2014-06-30 00:00:00,36369000000.0,33727000000.0,2642000000.0,1102000000.0,1540000000.0,,-123000000.0,114000000.0,1417000000.0,438000000.0,979000000.0,988000000.0,2.92,0.0726,0.0423,0.039,0.0272,0.0142,2054000000.0,1540000000.0,2.7282,,2.831,,2.8316,979000000.0,,979000000.0,0.0565,0.0298,TSN
2014-03-31 00:00:00,35418000000.0,32731000000.0,2687000000.0,1079000000.0,1608000000.0,,-116000000.0,125000000.0,1492000000.0,522000000.0,970000000.0,977000000.0,2.89,0.0759,0.0454,0.0421,0.0276,0.0222,2122000000.0,1608000000.0,2.6783,,2.788,,2.7999,970000000.0,,966000000.0,0.0599,0.0381,TSN
2013-12-31 00:00:00,34769000000.0,32265000000.0,2504000000.0,1021000000.0,1483000000.0,,-111000000.0,136000000.0,1372000000.0,444000000.0,928000000.0,859000000.0,2.52,0.072,0.0427,0.0395,0.0247,0.0272,1999000000.0,1483000000.0,2.5474,,2.4761,,2.6636,928000000.0,,862000000.0,0.0575,0.0427,TSN
2013-09-30 00:00:00,34374000000.0,32016000000.0,2358000000.0,983000000.0,1375000000.0,,-118000000.0,145000000.0,1257000000.0,409000000.0,848000000.0,778000000.0,2.26,0.0686,0.04,0.0366,0.0226,0.022,1894000000.0,1375000000.0,2.3106,-0.1906,2.2103,-0.1988,2.4091,848000000.0,,778000000.0,0.0551,0.0382,TSN
2013-06-30 00:00:00,33677000000.0,31392000000.0,2285000000.0,962000000.0,1323000000.0,,-116000000.0,149000000.0,1207000000.0,405000000.0,802000000.0,702000000.0,2.02,0.0679,0.0393,0.0358,0.0208,0.0194,1840000000.0,1323000000.0,2.1943,-0.2776,1.971,-0.2863,2.2573,802000000.0,-102000000.0,700000000.0,0.0546,0.0368,TSN
2013-03-31 00:00:00,33207000000.0,31038000000.0,2169000000.0,923000000.0,1246000000.0,,-292000000.0,328000000.0,954000000.0,322000000.0,632000000.0,529000000.0,1.51,0.0653,0.0375,0.0287,0.0159,0.0098,1759000000.0,1246000000.0,1.7336,-0.2831,1.4791,-0.2916,1.7707,632000000.0,-104000000.0,528000000.0,0.053,0.029,TSN
2012-12-31 00:00:00,33092000000.0,30856000000.0,2236000000.0,924000000.0,1312000000.0,,-322000000.0,344000000.0,990000000.0,360000000.0,630000000.0,600000000.0,1.71,0.0676,0.0396,0.0299,0.0181,0.016,1819000000.0,1312000000.0,1.7196,-0.1135,1.6348,-0.1161,1.7508,630000000.0,-35000000.0,588000000.0,0.055,0.0416,TSN
