Date,Revenue,Cost of Revenue,Gross Profit,SG&A Expenses,Operating Income,Interest Expense (Operating),Non-operating Income/Expense,Non-operating Interest Expenses,EBT,Income Tax Provision,Income after Tax,Net Income Common,EPS (Basic),Gross Margin,EBIT Margin,EBT margin,Net Profit Margin,Free Cash Flow Margin,EBITDA,EBIT,"EPS (Diluted, from Cont. Ops)","EPS (Diluted, from Disc. Ops)","EPS (Basic, Consolidated)","EPS (Basic, from Discontinued Ops)","EPS (Basic, from Continuous Ops)",Income from Continuous Operations,Income from Discontinued Operations,Consolidated Net Income/Loss,EBITDA Margin,Operating Cash Flow Margin,Ticker
2022-09-30 00:00:00,15487000000.0,10704000000.0,4784000000.0,2512700000.0,2274000900.0,224000000.0,10000000.0,6000000.0,2045000000.0,369000000.0,1676299900.0,1635000000.0,6.92,0.3089,0.1468,0.132,0.1056,0.0517,2607000000.0,2274000400.0,7.04,-0.1292,7.0616,-0.1129,7.1,1676299900.0,-24500000.0,1676000000.0,0.1683,0.0704,TT
2022-06-30 00:00:00,14835000000.0,10286000000.0,4550000000.0,2433400000.0,2117901000.0,226000000.0,19000000.0,5000000.0,1899000000.0,361000000.0,1537999900.0,1493000000.0,6.28,0.3067,0.1428,0.128,0.1006,0.0496,2430000000.0,2117900500.0,6.39,-0.1392,6.3953,-0.1329,6.46,1537999900.0,-29900000.0,1538000000.0,0.1638,0.0681,TT
2022-03-31 00:00:00,14474700000.0,9973000000.0,4501700000.0,2440300000.0,2058301100.0,229000000.0,-42000000.0,62300000.0,1838000000.0,346800000.0,1490699900.0,1448700000.0,6.03,0.311,0.1422,0.127,0.1001,0.0584,2365800000.0,2058300600.0,6.13,-0.13,6.148,-0.1237,6.21,1490699900.0,-28500000.0,1490000000.0,0.1634,0.0749,TT
2021-12-31 00:00:00,14136300000.0,9670400000.0,4465900200.0,2439500000.0,2023301300.0,234000000.0,-124900000.0,122000000.0,1791300000.0,334200000.0,1457199900.0,1423900000.0,5.9,0.3159,0.1431,0.1267,0.1007,0.0937,2329000200.0,2023300800.0,5.96,-0.09,6.0185,-0.0899,6.05,1457199900.0,-20600000.0,1457800000.0,0.1648,0.1084,TT
2021-09-30 00:00:00,13746400000.0,9376600000.0,4369800600.0,2393600000.0,1975600300.0,240000000.0,-186300000.0,182900000.0,1718900000.0,340600000.0,1378299900.0,1350600000.0,5.59,0.3179,0.1437,0.125,0.0983,0.1157,2269600400.0,1975599900.0,5.6,-0.0308,5.704,-0.067,5.7,1378300100.0,-13600000.0,1378000000.0,0.1651,0.1287,TT
2021-06-30 00:00:00,13521900000.0,9215400000.0,4306500600.0,2347400000.0,1959100300.0,245000000.0,-259200000.0,244300000.0,1699900000.0,333500000.0,1366399900.0,1345200000.0,5.53,0.3185,0.1449,0.1257,0.0995,0.1586,2255000300.0,1959099900.0,5.54,-0.0108,5.6712,-0.027,5.63,1366400100.0,-5800000.0,1360600000.0,0.1668,0.1707,TT
2021-03-31 00:00:00,12831000000.0,8816900000.0,4014100600.0,2282500000.0,1731600300.0,247000000.0,-261900000.0,246300000.0,1469700000.0,294200000.0,1175499900.0,1119300000.0,4.61,0.3128,0.135,0.1145,0.0872,0.1455,2026900300.0,1731599900.0,4.77,-0.16,4.725,-0.1762,4.84,1175500100.0,-41800000.0,1133700000.0,0.158,0.1576,TT
2020-12-31 00:00:00,12454700000.0,8651300000.0,3803400400.0,2270600000.0,1532800200.0,249000000.0,-244600000.0,248700000.0,1288200000.0,296800000.0,991399900.0,854900000.0,3.52,0.3054,0.1231,0.1034,0.0686,0.1035,1827100200.0,1532799800.0,4.02,-0.5,3.6236,-0.51,4.07,991400100.0,-121400000.0,870000000.0,0.1467,0.1152,TT
2020-09-30 00:00:00,12459300000.0,8687000000.0,3772300300.0,2297300000.0,1475000700.0,251000000.0,-249300000.0,250200000.0,1225700000.0,270400000.0,955300100.0,906300000.0,3.73,0.3028,0.1184,0.0984,0.0727,0.1231,1771700700.0,1475000900.0,3.88,-0.16,3.8378,-0.14,3.93,955300100.0,-33400000.0,921900000.0,0.1422,0.1344,TT
2020-06-30 00:00:00,12434700000.0,8692800000.0,3741900300.0,2297300000.0,1444600600.0,,-252100000.0,251700000.0,1192500000.0,261000000.0,931500100.0,964500000.0,3.97,0.3009,0.1162,0.0959,0.0776,0.0992,1739500600.0,1444600800.0,3.78,0.18,4.0721,0.2,3.82,931500100.0,49200000.0,980700000.0,0.1399,0.1129,TT
2020-03-31 00:00:00,12913500000.0,8995100000.0,3918400300.0,2330400000.0,1588000500.0,,-252800000.0,254900000.0,1335200000.0,269400000.0,1065800100.0,1181800000.0,4.84,0.3034,0.123,0.1034,0.0915,0.1127,1880900500.0,1588000700.0,4.31,0.52,4.9646,0.54,4.36,1065800100.0,133100000.0,1198900000.0,0.1457,0.1273,TT
2019-12-31 00:00:00,13075900000.0,9085500000.0,3990400300.0,2320300000.0,1670100400.0,,-271200000.0,242800000.0,1398900000.0,238600000.0,1160300100.0,1410900000.0,5.78,0.3052,0.1277,0.107,0.1079,0.1313,1958900400.0,1670100600.0,4.69,1.08,5.9127,1.1,4.74,1160300100.0,268200000.0,1428500000.0,0.1498,0.1468,TT
2019-09-30 00:00:00,10462900200.0,7298500100.0,3164400100.0,1783100000.0,1381299900.0,,-267700000.0,228700000.0,1113600000.0,267600000.0,846000000.0,1368800000.0,5.59,0.3024,0.132,0.1064,0.1308,0.1327,1606399800.0,1381299400.0,3.42,2.16,5.7179,2.18,3.45,846000000.0,542800000.0,1388800000.0,0.1535,0.1494,TT
2019-06-30 00:00:00,11022900200.0,7650200100.0,3372700100.0,1940900000.0,1431800100.0,,-255000000.0,213300000.0,1176800000.0,186000000.0,990800000.0,1425100000.0,5.77,0.306,0.1299,0.1068,0.1293,0.1106,1669400000.0,1431799600.0,3.96,1.8,5.9086,1.81,4.01,990800000.0,454000000.0,1444800000.0,0.1514,0.1292,TT
2019-03-31 00:00:00,11763000200.0,8151500100.0,3611500100.0,2106300000.0,1505200200.0,,-246400000.0,199100000.0,1258800000.0,222100000.0,1036700000.0,1417100000.0,5.7,0.307,0.128,0.107,0.1205,0.0978,1765000200.0,1505199700.0,4.11,1.58,5.836,1.6,4.15,1036700000.0,400400000.0,1437100000.0,0.15,0.1208,TT
2018-12-31 00:00:00,12343800200.0,8582500100.0,3761300100.0,2249200000.0,1512100100.0,,-254300000.0,221000000.0,1257800000.0,234900000.0,1022900000.0,1337600000.0,5.36,0.3047,0.1225,0.1019,0.1084,0.0918,1794400100.0,1512099600.0,4.03,1.32,5.4916,1.33,4.08,1022900000.0,334600000.0,1357500000.0,0.1454,0.114,TT
2018-09-30 00:00:00,15391200000.0,10645100000.0,4746100000.0,2888800000.0,1857299000.0,,-249300000.0,225500000.0,1608000100.0,-3100000.0,1611100100.0,1543500000.0,6.14,0.3084,0.1207,0.1045,0.1003,0.0797,2221699100.0,1857299800.0,6.35,-0.23,6.2329,-0.23,6.42,1611100000.0,-57900000.0,1553200000.0,0.1443,0.1006,TT
2018-06-30 00:00:00,15030800000.0,10416700000.0,4614100000.0,2837700000.0,1776399100.0,,-253800000.0,230900000.0,1522600100.0,74400000.0,1448200100.0,1395400000.0,5.51,0.307,0.1182,0.1013,0.0928,0.0793,2143399200.0,1776399900.0,5.65,-0.16,5.5931,-0.16,5.71,1448200000.0,-42500000.0,1405700000.0,0.1426,0.0995,TT
2018-03-31 00:00:00,14581500000.0,10105700000.0,4475800000.0,2782100000.0,1693699000.0,,-265600000.0,234700000.0,1428100100.0,84500000.0,1343600100.0,1305900000.0,5.1,0.307,0.1162,0.0979,0.0896,0.0866,2053699000.0,1693699800.0,5.18,-0.1,5.177,-0.11,5.25,1343600000.0,-28300000.0,1315300000.0,0.1408,0.1029,TT
2017-12-31 00:00:00,14197600000.0,9811600000.0,4386000000.0,2720700000.0,1665299100.0,,-247400000.0,215800000.0,1417900100.0,80200000.0,1337700100.0,1302600000.0,5.07,0.3089,0.1173,0.0999,0.0917,0.0918,2018599100.0,1665299900.0,5.14,-0.09,5.1482,-0.1,5.21,1337700000.0,-25400000.0,1312300000.0,0.1422,0.1073,TT
2017-09-30 00:00:00,13938300000.0,9616401000.0,4321900000.0,2690400100.0,1631499600.0,,-270500000.0,215800000.0,1361000000.0,307100000.0,1053900100.0,1041500000.0,4.01,0.3101,0.1171,0.0976,0.0747,0.0775,1980899600.0,1631499800.0,4.0,0.03,4.1305,0.03,4.06,1053900100.0,4100000.0,1057999900.0,0.1421,0.0917,TT
2017-06-30 00:00:00,13835600000.0,9539401000.0,4296200000.0,2659100100.0,1637099700.0,,-269800000.0,216400000.0,1367300000.0,313900000.0,1053400100.0,1051900000.0,4.02,0.3105,0.1183,0.0988,0.076,0.0959,1987399700.0,1637099900.0,3.98,0.06,4.1357,0.06,4.03,1053400100.0,14600000.0,1067999900.0,0.1436,0.1084,TT
2017-03-31 00:00:00,13615400000.0,9392801000.0,4222600000.0,2629800100.0,1592799800.0,,134200000.0,218800000.0,1727000000.0,268300000.0,1458700100.0,1440900000.0,5.5,0.3101,0.117,0.1268,0.1058,0.0968,1943699800.0,1592800000.0,5.51,0.01,5.6259,0.0,5.57,1458700100.0,-500000.0,1458199900.0,0.1428,0.1091,TT
2016-12-31 00:00:00,13508900000.0,9307901000.0,4201000100.0,2597800100.0,1603199900.0,,138100000.0,221500000.0,1741300000.0,281500000.0,1459800100.0,1476200000.0,5.63,0.311,0.1187,0.1289,0.1093,0.0998,1955399900.0,1603200100.0,5.52,0.13,5.7589,0.13,5.57,1459800100.0,32900000.0,1492699900.0,0.1447,0.1127,TT
2016-09-30 00:00:00,13475901000.0,9277401000.0,4198500100.0,2555100100.0,1643400800.0,,137900000.0,224000000.0,1781300000.0,286300000.0,1495000000.0,1510900000.0,5.76,0.3116,0.122,0.1322,0.1121,0.1154,2003000800.0,1643400500.0,5.62,0.14,5.8797,0.13,5.68,1495000000.0,33400000.0,1528400000.0,0.1486,0.13,TT
2016-06-30 00:00:00,13395001000.0,9243901000.0,4151100100.0,2544000100.0,1607100500.0,,155100000.0,225300000.0,1762200000.0,316900000.0,1445300000.0,1434400000.0,5.44,0.3099,0.12,0.1316,0.1071,0.0705,1966500500.0,1607100200.0,5.4,0.04,5.5584,0.03,5.46,1445300000.0,7200000.0,1452500000.0,0.1468,0.0856,TT
2016-03-31 00:00:00,13307001000.0,9231901000.0,4075100100.0,2529100100.0,1546000500.0,,-217100000.0,224600000.0,1328900000.0,555800000.0,773100000.0,765700000.0,2.87,0.3062,0.1162,0.0999,0.0575,0.0591,1910200400.0,1546000200.0,2.83,0.04,2.9667,0.04,2.86,773100000.0,9900000.0,783000000.0,0.1435,0.0756,TT
2015-12-31 00:00:00,13300701000.0,9277401000.0,4023300100.0,2531600100.0,1491700500.0,,-243800000.0,223000000.0,1247900000.0,540800000.0,707100000.0,664600000.0,2.48,0.3025,0.1122,0.0938,0.05,0.0494,1855800400.0,1491700200.0,2.57,-0.09,2.5756,-0.09,2.6,707100000.0,-24300000.0,682800000.0,0.1395,0.0668,TT
2015-09-30 00:00:00,13215501000.0,9221700000.0,3993800800.0,2548700000.0,1445100900.0,,-217300000.0,234700000.0,1227800100.0,543500000.0,684300000.0,686500000.0,2.55,0.3022,0.1093,0.0929,0.0519,0.0375,1796200800.0,1445101100.0,2.47,0.06,2.6307,0.05,2.5,684300000.0,20000000.0,704300000.0,0.1359,0.0551,TT
2015-06-30 00:00:00,13113601000.0,9169300000.0,3944300800.0,2534600000.0,1409701000.0,,-216400000.0,231200000.0,1193300100.0,523800000.0,669500000.0,676900000.0,2.5,0.3008,0.1075,0.091,0.0516,0.0589,1754600900.0,1409701200.0,2.4,0.08,2.5842,0.08,2.43,669500000.0,25000000.0,694500000.0,0.1338,0.0772,TT
2015-03-31 00:00:00,13056301000.0,9114700000.0,3941600800.0,2520800000.0,1420801000.0,,-227000000.0,228400000.0,1193800100.0,296100000.0,897700000.0,904000000.0,3.33,0.3019,0.1088,0.0914,0.0692,0.057,1758801100.0,1420801200.0,3.22,0.09,3.4218,0.08,3.27,897700000.0,24500000.0,922200000.0,0.1347,0.0743,TT
2014-12-31 00:00:00,12891401000.0,8982800000.0,3908600600.0,2503900000.0,1404700900.0,,-195300000.0,225300000.0,1209400100.0,293700000.0,915700000.0,931700000.0,3.42,0.3032,0.109,0.0938,0.0723,0.0585,1737101000.0,1404701100.0,3.27,0.13,3.5135,0.12,3.32,915700000.0,34700000.0,950400000.0,0.1347,0.0755,TT
2014-09-30 00:00:00,12749700000.0,8936200000.0,3813500300.0,2537199900.0,1276300000.0,,-191100000.0,210800000.0,1085200000.0,303000000.0,782200000.0,724000000.0,2.63,0.2991,0.1001,0.0851,0.0568,0.0403,1610600100.0,1276300000.0,2.77,-0.13,2.7498,-0.0748,2.8,782200000.0,-38100000.0,744100000.0,0.1263,0.0555,TT
2014-06-30 00:00:00,12578900000.0,8826900000.0,3752000300.0,2536199900.0,1215800000.0,,-245200000.0,261300000.0,970600000.0,264000000.0,706600000.0,598600000.0,2.12,0.2983,0.0967,0.0772,0.0476,0.0488,1550700100.0,1215800000.0,2.42,-0.29,2.2646,-0.2448,2.45,706600000.0,-77800000.0,628800000.0,0.1233,0.0631,TT
2014-03-31 00:00:00,12434400000.0,8764500000.0,3669900300.0,2529899900.0,1140000000.0,,-265100000.0,270200000.0,874900000.0,209000000.0,665900000.0,609800000.0,2.05,0.2951,0.0917,0.0704,0.049,0.0625,1472300000.0,1140000000.0,2.18,-0.12,2.2073,-0.0648,2.21,665900000.0,-23000000.0,642900000.0,0.1184,0.0786,TT
2013-12-31 00:00:00,12350500000.0,8722300000.0,3628200400.0,2523199900.0,1105000000.0,,-275400000.0,278800000.0,829600000.0,189000000.0,640600000.0,618800000.0,2.06,0.2938,0.0895,0.0672,0.0501,0.0707,1438700000.0,1105000000.0,2.08,-0.01,2.2234,0.0452,2.11,640600000.0,13300000.0,653900000.0,0.1165,0.0884,TT
2013-09-30 00:00:00,10675100000.0,7693500000.0,2981600000.0,2155900000.0,821200200.0,,-274300000.0,285200000.0,546900000.0,6200000.0,540700000.0,806700000.0,2.68,0.2793,0.0769,0.0512,0.0756,0.1037,1119500200.0,821199500.0,1.78,0.907,2.8533,0.93,1.8,540700000.0,301400000.0,842100000.0,0.1049,0.1257,TT
2013-06-30 00:00:00,11053700000.0,7930200000.0,3123500000.0,2229500000.0,889500200.0,,-220700000.0,243000000.0,668800000.0,16400000.0,652400000.0,962400000.0,3.15,0.2826,0.0805,0.0605,0.0871,0.0966,1197200200.0,889499500.0,2.1,1.057,3.2956,1.08,2.13,652400000.0,335800000.0,988200000.0,0.1083,0.1193,TT
2013-03-31 00:00:00,11476600000.0,8196700000.0,3279900000.0,2299700000.0,979900100.0,,-214400000.0,243200000.0,765500000.0,22500000.0,743000000.0,1011000000.0,3.26,0.2858,0.0854,0.0667,0.0881,0.0813,1299400100.0,979899400.0,2.35,0.917,3.4102,0.94,2.38,743000000.0,293400000.0,1036400000.0,0.1132,0.102,TT
2012-12-31 00:00:00,11988300000.0,8533500000.0,3454800000.0,2382900000.0,1071900100.0,,-223900000.0,252000000.0,848000000.0,56000000.0,792000000.0,1018600000.0,3.28,0.2882,0.0894,0.0707,0.085,0.0809,1405700100.0,1071899400.0,2.49,0.79,3.4353,0.81,2.54,792000000.0,252000000.0,1044000000.0,0.1173,0.0997,TT
