Date,Revenue,Cost of Revenue,Gross Profit,R&D Expenses,SG&A Expenses,Operating Income,Interest Expense (Operating),Non-operating Income/Expense,Non-operating Interest Expenses,EBT,Income Tax Provision,Income after Tax,Net Income Common,EPS (Basic),Gross Margin,EBIT Margin,EBT margin,Net Profit Margin,Free Cash Flow Margin,EBITDA,EBIT,"EPS (Diluted, from Cont. Ops)","EPS (Diluted, from Disc. Ops)","EPS (Basic, Consolidated)","EPS (Basic, from Discontinued Ops)","EPS (Basic, from Continuous Ops)",Income from Continuous Operations,Income from Discontinued Operations,Consolidated Net Income/Loss,EBITDA Margin,Operating Cash Flow Margin,Ticker
2022-09-30 00:00:00,4329000000.0,2077000000.0,2253000000.0,620000000.0,1723384100.0,-6904800.0,99000000.0,-5000000.0,,-133000000.0,-27000000.0,-105478000.0,-106000000.0,-0.11,0.5204,-0.0016,-0.0307,-0.0245,-0.004,710000000.0,-6905000.0,-0.1099,,-0.0864,,-0.0864,-105478000.0,,-106000000.0,0.164,0.03,TTWO
2022-06-30 00:00:00,3793000000.0,1647000000.0,2148000000.0,488000000.0,1327384100.0,265695200.0,54000000.0,37000000.0,,188000000.0,27000000.0,161722000.0,161000000.0,1.52,0.5663,0.07,0.0496,0.0424,0.0253,694000000.0,265695000.0,1.5172,,1.5415,,1.5415,161722000.0,,161000000.0,0.183,0.0555,TTWO
2022-03-31 00:00:00,3504300000.0,1523700000.0,1982600000.0,407300000.0,1026484100.0,473595200.0,25000000.0,60000000.0,,465500000.0,48200000.0,418022000.0,417300000.0,3.6,0.5658,0.1351,0.1328,0.1191,0.0283,751700000.0,473595000.0,3.5797,,3.6197,,3.6197,418022000.0,,417300000.0,0.2145,0.0736,TTWO
2021-12-31 00:00:00,3413731000.0,1393346900.0,2022384100.0,394859000.0,942354000.0,600523100.0,21487000.0,57774000.0,,597091000.0,71979000.0,525809000.0,525112000.0,4.55,0.5924,0.1759,0.1749,0.1538,-0.0054,864142100.0,600523000.0,4.5138,,4.5667,,4.5667,525809000.0,,525112000.0,0.2531,0.0421,TTWO
2021-09-30 00:00:00,3371620000.0,1373590900.0,1999029100.0,364287000.0,914892000.0,622474100.0,,94163000.0,,661537000.0,98177000.0,563560000.0,563360000.0,4.89,0.5929,0.1846,0.1962,0.1671,0.1228,902791100.0,622474000.0,4.8452,,4.8978,,4.8978,563560000.0,,563360000.0,0.2678,0.1688,TTWO
2021-06-30 00:00:00,3354762000.0,1388095900.0,1966666100.0,336503000.0,857016000.0,717741100.0,,41214000.0,,758955000.0,106274000.0,652681000.0,652681000.0,5.67,0.5862,0.2139,0.2262,0.1946,0.1397,928029100.0,717741000.0,5.6185,,5.6776,,5.6776,652681000.0,,652681000.0,0.2766,0.1833,TTWO
2021-03-31 00:00:00,3372772000.0,1535084900.0,1837687100.0,317311000.0,835668000.0,629384100.0,,48432000.0,,677816000.0,88930000.0,588886000.0,588886000.0,5.13,0.5449,0.1866,0.201,0.1746,0.2501,862197100.0,629384000.0,5.0878,,5.1386,,5.1386,588886000.0,,588886000.0,0.2556,0.2705,TTWO
2020-12-31 00:00:00,3293881800.0,1651078000.0,1642803800.0,302470000.0,792787000.0,495450900.0,,53408000.0,25428000.0,548859000.0,56063000.0,492796000.0,492796000.0,4.31,0.4987,0.1504,0.1666,0.1496,0.2959,757112900.0,495451100.0,4.2749,,4.3154,,4.3154,492796000.0,,492796000.0,0.2299,0.3137,TTWO
2020-09-30 00:00:00,3363121800.0,1741927000.0,1621194800.0,298562000.0,775856000.0,496226900.0,,24962000.0,30397000.0,521189000.0,46999000.0,474190000.0,474190000.0,4.17,0.4821,0.1475,0.155,0.141,0.3317,737196900.0,496227100.0,4.1377,,4.1757,,4.1757,474190000.0,,474190000.0,0.2192,0.3474,TTWO
2020-06-30 00:00:00,3379820800.0,1777670000.0,1602150800.0,300543000.0,796957000.0,455679900.0,,30965000.0,31877000.0,486645000.0,39961000.0,446684000.0,446684000.0,3.93,0.474,0.1348,0.144,0.1322,0.2871,719755900.0,455680100.0,3.9066,,3.9427,,3.9427,446684000.0,,446684000.0,0.213,0.3026,TTWO
2020-03-31 00:00:00,3088969800.0,1542450000.0,1546519800.0,296398000.0,776659000.0,425266900.0,,33172000.0,31580000.0,458439000.0,53980000.0,404459000.0,404459000.0,3.56,0.5007,0.1377,0.1484,0.1309,0.2047,661809900.0,425267100.0,3.5436,,3.5763,,3.5763,404459000.0,,404459000.0,0.2142,0.222,TTWO
2019-12-31 00:00:00,2867436000.0,1405725000.0,1461711000.0,284268000.0,767626000.0,361443900.0,,36888000.0,28549000.0,398332000.0,59766000.0,338566000.0,338566000.0,2.98,0.5098,0.1261,0.1389,0.1181,0.2913,588402900.0,361443900.0,2.9617,,2.9963,,2.9963,338566000.0,,338566000.0,0.2052,0.3115,TTWO
2019-09-30 00:00:00,3186045000.0,1867116000.0,1318929000.0,264053000.0,777987000.0,236390000.0,,33016000.0,,269406000.0,-85466000.0,354872000.0,354872000.0,3.13,0.414,0.0742,0.0846,0.1114,0.3548,556091000.0,236390000.0,3.0978,,3.1377,,3.1377,354872000.0,,354872000.0,0.1745,0.3747,TTWO
2019-06-30 00:00:00,2820871000.0,1633748000.0,1187123000.0,248421000.0,713247000.0,187556000.0,,29937000.0,,217493000.0,-90931000.0,308424000.0,308424000.0,2.72,0.4208,0.0665,0.0771,0.1093,0.3193,476725000.0,187556000.0,2.6868,,2.7258,,2.7258,308424000.0,,308424000.0,0.169,0.3415,TTWO
2019-03-31 00:00:00,2668394000.0,1523644000.0,1144750000.0,230170000.0,672634000.0,206672000.0,,26113000.0,,232785000.0,-101052000.0,333837000.0,333837000.0,2.94,0.429,0.0775,0.0872,0.1251,0.291,471498000.0,206672000.0,2.898,,2.9497,,2.9497,333837000.0,,333837000.0,0.1767,0.3161,TTWO
2018-12-31 00:00:00,2579661000.0,1453940000.0,1125721000.0,227710000.0,627387000.0,236436200.0,,23098000.0,,259534000.0,-108327000.0,367861000.0,367861000.0,3.24,0.4364,0.0917,0.1006,0.1426,0.2267,458037200.0,236436100.0,3.2433,,3.2528,,3.2528,367861000.0,,367861000.0,0.1776,0.2491,TTWO
2018-09-30 00:00:00,1811763000.0,823439000.0,988324000.0,215382000.0,540891000.0,193509100.0,,18401000.0,,211910000.0,-1143000.0,213053000.0,213053000.0,1.87,0.5455,0.1068,0.117,0.1176,0.0536,319470100.0,193509000.0,1.8886,,1.8875,,1.8875,213053000.0,,213053000.0,0.1763,0.0856,TTWO
2018-06-30 00:00:00,1762658000.0,835107000.0,927551000.0,204816000.0,517144000.0,156204100.0,,10457000.0,,166661000.0,-18289000.0,184950000.0,184950000.0,1.62,0.5262,0.0886,0.0946,0.1049,0.2111,300079100.0,156204000.0,1.6451,,1.6395,,1.6395,184950000.0,,184950000.0,0.1702,0.2453,TTWO
2018-03-31 00:00:00,1792892000.0,898311000.0,894581000.0,196373000.0,503920000.0,135577100.0,,1048000.0,,136625000.0,-36908000.0,173533000.0,173533000.0,1.57,0.499,0.0756,0.0762,0.0968,0.2265,296158100.0,135577000.0,1.5389,,1.5761,,1.5761,173533000.0,,173533000.0,0.1652,0.2753,TTWO
2017-12-31 00:00:00,1914174000.0,1024000000.0,890174000.0,178666000.0,496373000.0,159254900.0,,-2794000.0,,156461000.0,-25499000.0,181960000.0,182705000.0,1.74,0.465,0.0832,0.0817,0.0954,0.1719,396281900.0,159255000.0,1.8943,,1.8731,,1.8731,181960000.0,,181960000.0,0.207,0.2139,TTWO
2017-09-30 00:00:00,1909807000.0,1067091000.0,842716000.0,166278000.0,499668000.0,121993900.0,,-9883000.0,,112111000.0,-14867000.0,126978000.0,127723000.0,1.19,0.4413,0.0639,0.0587,0.0669,0.272,397624900.0,121994000.0,1.3506,,1.322,,1.322,126978000.0,,126978000.0,0.2082,0.3095,TTWO
2017-06-30 00:00:00,1886412000.0,1026148000.0,860264000.0,146284000.0,491802000.0,180506900.0,,-13992000.0,,166515000.0,369000.0,166146000.0,166146000.0,1.64,0.456,0.0957,0.0883,0.0881,0.2368,446975900.0,180507000.0,1.6968,,1.7736,,1.7736,166146000.0,,166146000.0,0.2369,0.2677,TTWO
2017-03-31 00:00:00,1779748000.0,1022959000.0,756789000.0,137915000.0,496862000.0,91304900.0,,-14340000.0,,76965000.0,9662000.0,67303000.0,67303000.0,0.6,0.4252,0.0513,0.0432,0.0378,0.2173,373109900.0,91305000.0,0.729,,0.7463,,0.7463,67303000.0,,67303000.0,0.2096,0.2292,TTWO
2016-12-31 00:00:00,1585398000.0,917516000.0,667882000.0,134802000.0,478923000.0,24377000.0,,-17523000.0,25068000.0,6854000.0,-7568000.0,14422000.0,13677000.0,0.17,0.4213,0.0154,0.0043,0.0086,0.1823,262214000.0,24377000.0,-0.0497,,0.1952,,0.1952,14422000.0,,14422000.0,0.1654,0.1968,TTWO
2016-09-30 00:00:00,1523146000.0,864303000.0,658843000.0,125157000.0,439071000.0,-6411000.0,,-21826000.0,29447000.0,-28237000.0,-30088000.0,1851000.0,1106000.0,-0.01,0.4326,-0.0042,-0.0185,0.0007,0.1121,206990000.0,-6411000.0,-0.2281,,0.0168,,0.0168,1851000.0,,1851000.0,0.1359,0.1251,TTWO
2016-06-30 00:00:00,1449953000.0,802638000.0,647315000.0,119565000.0,414036000.0,12826000.0,,-23144000.0,,-10318000.0,-30472000.0,20154000.0,20154000.0,0.2,0.4464,0.0088,-0.0071,0.0139,0.0592,219851000.0,12826000.0,-0.0531,,0.243,,0.243,20154000.0,,20154000.0,0.1516,0.0749,TTWO
2016-03-31 00:00:00,1413698000.0,813873000.0,599825000.0,119807000.0,390761000.0,-10828000.0,,-27522000.0,29788000.0,-38350000.0,-30048000.0,-8302000.0,-8302000.0,-0.15,0.4243,-0.0077,-0.0271,-0.0059,0.1585,177628000.0,-10828000.0,-0.4063,,-0.1102,,-0.1102,-8302000.0,,-8302000.0,0.1256,0.1848,TTWO
2015-12-31 00:00:00,1336581000.0,1015098000.0,321483000.0,121656000.0,399015000.0,-297755900.0,,-31152000.0,31580000.0,-328908000.0,-31416000.0,-297492000.0,-294365000.0,-3.68,0.2405,-0.2228,-0.2461,-0.2202,0.2242,-118759900.0,-297756000.0,-3.7121,,-3.6783,,-3.6783,-297492000.0,,-297492000.0,-0.0889,0.2552,TTWO
2015-09-30 00:00:00,1453507000.0,1035250000.0,418257000.0,124933000.0,440564000.0,-172946900.0,,-34092000.0,,-207039000.0,7947000.0,-214986000.0,-214986000.0,-2.71,0.2878,-0.119,-0.1424,-0.1479,0.2149,41373100.0,-172947000.0,-2.8294,,-2.6728,,-2.6728,-214986000.0,,-214986000.0,0.0285,0.2509,TTWO
2015-06-30 00:00:00,1232810000.0,943326000.0,289484000.0,125053000.0,428838000.0,-287890900.0,,-14232000.0,,-302123000.0,8967000.0,-311090000.0,-311090000.0,-3.85,0.2348,-0.2335,-0.2451,-0.2523,0.2806,-90341900.0,-287891000.0,-3.8404,,-3.8404,,-3.8404,-311090000.0,,-311090000.0,-0.0733,0.3292,TTWO
2015-03-31 00:00:00,1082938000.0,794867000.0,288071000.0,115043000.0,410434000.0,-258462900.0,,-14417000.0,,-272880000.0,6590000.0,-279470000.0,-279470000.0,-3.49,0.266,-0.2387,-0.252,-0.2581,0.1508,-79919900.0,-258463000.0,-3.4774,,-3.4774,,-3.4774,-279470000.0,,-279470000.0,-0.0738,0.1965,TTWO
2014-12-31 00:00:00,978057100.0,492473000.0,485584100.0,108518000.0,398115000.0,-39694000.0,,-14748000.0,,-54442000.0,13011000.0,-67453100.0,-33801000.0,-0.9,0.4965,-0.0406,-0.0557,-0.0346,-0.0132,105906000.0,-39694000.0,0.0348,,-0.8765,,-0.4424,-67453000.0,,-67466000.0,0.1083,0.0307,TTWO
2014-09-30 00:00:00,2310779100.0,1334194000.0,976585100.0,106530000.0,352853000.0,500989000.0,,-9739000.0,,491250000.0,20352000.0,470897900.0,429802000.0,4.52,0.4226,0.2168,0.2126,0.186,0.1713,732560100.0,500989000.0,4.3505,,5.4266,,4.9405,470898000.0,,470867000.0,0.317,0.1875,TTWO
2014-06-30 00:00:00,2333326100.0,1374641000.0,958685100.0,108517000.0,404107000.0,431611000.0,,-35592000.0,,396019000.0,7847000.0,388171900.0,347051000.0,3.63,0.4109,0.185,0.1697,0.1487,0.2466,703848100.0,431611000.0,3.4653,,4.544,,4.0553,388172000.0,,388116000.0,0.3017,0.2595,TTWO
2014-03-31 00:00:00,2350568100.0,1414327000.0,936241100.0,105256000.0,402370000.0,415256000.0,,-39106000.0,,376150000.0,14459000.0,361690900.0,320540000.0,3.37,0.3983,0.1767,0.16,0.1364,0.2852,722454100.0,415256000.0,3.2,-0.0008,4.2784,-0.001,3.79,361691000.0,-86000.0,361605000.0,0.3074,0.2979,TTWO
2013-12-31 00:00:00,2454847000.0,1460359000.0,994488000.0,97807000.0,416136000.0,467902000.0,,-39360000.0,,428542000.0,14907000.0,413635000.0,342816000.0,4.01,0.4051,0.1906,0.1746,0.1396,0.2676,802308200.0,467902100.0,3.0086,0.0162,4.9643,0.0149,4.0986,413635000.0,1230000.0,414865000.0,0.3268,0.2789,TTWO
2013-09-30 00:00:00,1006751000.0,556924000.0,449827000.0,90943000.0,404546000.0,-57401000.0,,-41505000.0,,-98906000.0,-4974000.0,-93932000.0,-92196000.0,-1.11,0.4468,-0.057,-0.0982,-0.0916,0.1874,156092100.0,-57400900.0,-1.0214,0.0208,-1.0036,0.0208,-1.0214,-93932000.0,1736000.0,-92196000.0,0.155,0.2114,TTWO
2013-06-30 00:00:00,1131011000.0,622948000.0,508063000.0,83743000.0,356841000.0,56557000.0,,-34535000.0,,22022000.0,4296000.0,17726000.0,19433000.0,0.14,0.4492,0.05,0.0195,0.0172,0.0297,270579100.0,56557100.0,0.2286,0.0205,0.2475,0.0205,0.2286,17726000.0,1707000.0,19433000.0,0.2392,0.0488,TTWO
2013-03-31 00:00:00,1214483000.0,715837000.0,498646000.0,78184000.0,404589000.0,5239000.0,,-31351000.0,,-26112000.0,5050000.0,-31162000.0,-29491000.0,-0.45,0.4106,0.0043,-0.0215,-0.0243,-0.0176,274504100.0,5239100.0,-0.36,0.02,-0.3446,0.02,-0.36,-31162000.0,1671000.0,-29491000.0,0.226,-0.0038,TTWO
2012-12-31 00:00:00,1063080000.0,677983000.0,385097000.0,71823000.0,387671000.0,-84965000.0,,-28930000.0,29752000.0,-113895000.0,4442000.0,-118337000.0,-123669000.0,-1.48,0.3622,-0.0799,-0.1071,-0.1163,-0.0627,175585000.0,-84965000.0,-1.57,-0.0036,-1.4153,-0.0023,-1.47,-118337000.0,-463000.0,-118800000.0,0.1652,-0.0409,TTWO
