Date,Revenue,Cost of Revenue,Gross Profit,R&D Expenses,SG&A Expenses,Operating Income,Interest Expense (Operating),Non-operating Income/Expense,Non-operating Interest Expenses,EBT,Income Tax Provision,Income after Tax,Net Income Common,EPS (Basic),Gross Margin,EBIT Margin,EBT margin,Net Profit Margin,Free Cash Flow Margin,EBITDA,EBIT,"EPS (Diluted, from Cont. Ops)","EPS (Basic, Consolidated)","EPS (Basic, from Continuous Ops)",Income from Continuous Operations,Consolidated Net Income/Loss,EBITDA Margin,Operating Cash Flow Margin,Ticker
2022-09-30 00:00:00,20190000000.0,6156000000.0,14034000000.0,1625000000.0,1679000000.0,10467000000.0,203000000.0,-139000000.0,203000000.0,10328000000.0,1403000000.0,8925000000.0,8886000000.0,9.68,0.6951,0.5184,0.5115,0.4401,0.2969,11396000000.0,10467000000.0,9.5908,9.7028,9.7028,8925000000.0,8925000000.0,0.5644,0.4475,TXN
2022-06-30 00:00:00,19592000000.0,6023000000.0,13569000000.0,1582000000.0,1660000000.0,10094000000.0,195000000.0,-149000000.0,195000000.0,9945000000.0,1368000000.0,8577000000.0,8540000000.0,9.27,0.6926,0.5152,0.5076,0.4359,0.3044,11014000000.0,10094000000.0,9.1844,9.2985,9.2985,8577000000.0,8577000000.0,0.5622,0.4439,TXN
2022-03-31 00:00:00,18960000000.0,5939000000.0,13021000000.0,1559000000.0,1663000000.0,9584000000.0,190000000.0,-78000000.0,190000000.0,9506000000.0,1289000000.0,8217000000.0,8183000000.0,8.88,0.6868,0.5055,0.5014,0.4316,0.3444,10511000000.0,9584000000.0,8.7818,8.9004,8.9004,8217000000.0,8217000000.0,0.5544,0.4773,TXN
2021-12-31 00:00:00,18344000000.0,5968000000.0,12376000000.0,1554000000.0,1666000000.0,8960000000.0,184000000.0,52000000.0,184000000.0,8919000000.0,1150000000.0,7769000000.0,7736000000.0,8.4,0.6747,0.4884,0.4862,0.4217,0.3472,9914000000.0,8960000000.0,8.3002,8.4171,8.4171,7769000000.0,7769000000.0,0.5404,0.4773,TXN
2021-09-30 00:00:00,17588000000.0,5916000000.0,11672000000.0,1553000000.0,1660000000.0,8270000000.0,183000000.0,206000000.0,183000000.0,8383000000.0,1064000000.0,7319000000.0,7275000000.0,7.93,0.6636,0.4702,0.4766,0.4136,0.406,9254000000.0,8270000000.0,7.8225,7.9347,7.9347,7319000000.0,7319000000.0,0.5262,0.4846,TXN
2021-06-30 00:00:00,16762000000.0,5789000000.0,10973000000.0,1551000000.0,1655000000.0,7574000000.0,187000000.0,214000000.0,187000000.0,7695000000.0,970000000.0,6725000000.0,6690000000.0,7.31,0.6546,0.4519,0.4591,0.3991,0.3874,8555000000.0,7574000000.0,7.1988,7.3008,7.3008,6725000000.0,6725000000.0,0.5104,0.4498,TXN
2021-03-31 00:00:00,15421000000.0,5443000000.0,9978000000.0,1539000000.0,1631000000.0,6589000000.0,191000000.0,236000000.0,191000000.0,6732000000.0,558000000.0,6174000000.0,6139000000.0,6.73,0.647,0.4273,0.4365,0.3981,0.4116,7572000000.0,6589000000.0,6.6267,6.7153,6.7153,6174000000.0,6174000000.0,0.491,0.4629,TXN
2020-12-31 00:00:00,14461000000.0,5192000000.0,9269000000.0,1530000000.0,1623000000.0,5894000000.0,190000000.0,123000000.0,190000000.0,6017000000.0,422000000.0,5595000000.0,5568000000.0,6.09,0.641,0.4076,0.4161,0.385,0.3799,6886000000.0,5894000000.0,5.9968,6.075,6.075,5595000000.0,5595000000.0,0.4762,0.4245,TXN
2020-09-30 00:00:00,13735000000.0,5015000000.0,8720000000.0,1528000000.0,1637000000.0,5330000000.0,187000000.0,17000000.0,187000000.0,5347000000.0,370000000.0,4977000000.0,4946000000.0,5.39,0.6349,0.3881,0.3893,0.3601,0.3765,6329000000.0,5330000000.0,5.3177,5.3903,5.3903,4977000000.0,4977000000.0,0.4608,0.4199,TXN
2020-06-30 00:00:00,13689000000.0,4976000000.0,8713000000.0,1521000000.0,1629000000.0,5310000000.0,,30000000.0,181000000.0,5340000000.0,291000000.0,5049000000.0,5018000000.0,5.43,0.6365,0.3879,0.3901,0.3666,0.4175,6334000000.0,5310000000.0,5.3613,5.4389,5.4389,5049000000.0,5049000000.0,0.4627,0.4615,TXN
2020-03-31 00:00:00,14118000000.0,5127000000.0,8991000000.0,1532000000.0,1648000000.0,5588000000.0,,-13000000.0,177000000.0,5575000000.0,601000000.0,4974000000.0,4950000000.0,5.31,0.6368,0.3958,0.3949,0.3506,0.4012,6630000000.0,5588000000.0,5.242,5.325,5.325,4974000000.0,4974000000.0,0.4696,0.4528,TXN
2019-12-31 00:00:00,14383000000.0,5219000000.0,9164000000.0,1544000000.0,1645000000.0,5723000000.0,,5000000.0,170000000.0,5728000000.0,711000000.0,5017000000.0,4985000000.0,5.35,0.6371,0.3979,0.3982,0.3466,0.4055,6773000000.0,5723000000.0,5.27,5.3601,5.3601,5017000000.0,5017000000.0,0.4709,0.4623,TXN
2019-09-30 00:00:00,14750000000.0,5276000000.0,9474000000.0,1558000000.0,1647000000.0,5990000000.0,,-16000000.0,161000000.0,5974000000.0,788000000.0,5186000000.0,5135000000.0,5.51,0.6423,0.4061,0.405,0.3481,0.4117,7039000000.0,5990000000.0,5.4229,5.5176,5.5176,5186000000.0,5186000000.0,0.4772,0.4773,TXN
2019-06-30 00:00:00,15240000000.0,5408000000.0,9832000000.0,1569000000.0,1644000000.0,6338000000.0,,-20000000.0,154000000.0,6318000000.0,987000000.0,5331000000.0,5280000000.0,5.61,0.6451,0.4159,0.4146,0.3465,0.3914,7355000000.0,6338000000.0,5.5104,5.6137,5.6137,5331000000.0,5331000000.0,0.4826,0.4694,TXN
2019-03-31 00:00:00,15589000000.0,5498000000.0,10091000000.0,1563000000.0,1665000000.0,6544000000.0,,-34000000.0,140000000.0,6510000000.0,1079000000.0,5431000000.0,5380000000.0,5.66,0.6473,0.4198,0.4176,0.3451,0.385,7527000000.0,6544000000.0,5.5502,5.6591,5.6591,5431000000.0,5431000000.0,0.4828,0.4608,TXN
2018-12-31 00:00:00,15784000000.0,5507000000.0,10277000000.0,1559000000.0,1684000000.0,6713000000.0,,-27000000.0,125000000.0,6686000000.0,1106000000.0,5580000000.0,5537000000.0,5.75,0.6511,0.4253,0.4236,0.3508,0.3844,7667000000.0,6713000000.0,5.6364,5.7526,5.7526,5580000000.0,5580000000.0,0.4857,0.4555,TXN
2018-09-30 00:00:00,15817000000.0,5507000000.0,10310000000.0,1545000000.0,1679000000.0,6760000000.0,,-27000000.0,110000000.0,6733000000.0,2048000000.0,4685000000.0,4651000000.0,4.79,0.6518,0.4274,0.4257,0.2941,0.3752,7689000000.0,6760000000.0,4.7006,4.8014,4.8014,4685000000.0,4685000000.0,0.4861,0.4409,TXN
2018-06-30 00:00:00,15672000000.0,5510000000.0,10162000000.0,1530000000.0,1695000000.0,6611000000.0,,-13000000.0,93000000.0,6598000000.0,2198000000.0,4400000000.0,4366000000.0,4.46,0.6484,0.4218,0.421,0.2786,0.3659,7522000000.0,6611000000.0,4.3879,4.4818,4.4818,4400000000.0,4400000000.0,0.48,0.4204,TXN
2018-03-31 00:00:00,15348000000.0,5431000000.0,9917000000.0,1524000000.0,1688000000.0,6379000000.0,,-1000000.0,83000000.0,6378000000.0,2327000000.0,4051000000.0,4017000000.0,4.08,0.6461,0.4156,0.4156,0.2617,0.3208,7282000000.0,6379000000.0,4.0191,4.1061,4.1061,4051000000.0,4051000000.0,0.4745,0.3701,TXN
2017-12-31 00:00:00,14961000000.0,5347000000.0,9614000000.0,1508000000.0,1694000000.0,6083000000.0,,-3000000.0,78000000.0,6080000000.0,2398000000.0,3682000000.0,3648000000.0,3.69,0.6426,0.4066,0.4064,0.2438,0.3147,6987000000.0,6083000000.0,3.6383,3.7155,3.7155,3682000000.0,3682000000.0,0.467,0.3585,TXN
2017-09-30 00:00:00,14625000000.0,5314000000.0,9311000000.0,1462000000.0,1690000000.0,5852000000.0,,175000000.0,76000000.0,6027000000.0,1642000000.0,4385000000.0,4385000000.0,4.37,0.6366,0.4001,0.4121,0.2998,0.2931,6759000000.0,5852000000.0,4.3209,4.4095,4.4095,4385000000.0,4385000000.0,0.4622,0.3296,TXN
2017-06-30 00:00:00,14184000000.0,5245000000.0,8939000000.0,1440000000.0,1720000000.0,5472000000.0,,147000000.0,75000000.0,5619000000.0,1501000000.0,4118000000.0,4118000000.0,4.02,0.6302,0.3858,0.3962,0.2903,0.2874,6391000000.0,5472000000.0,4.0412,4.1239,4.1239,4118000000.0,4118000000.0,0.4506,0.3218,TXN
2017-03-31 00:00:00,13764000000.0,5192000000.0,8572000000.0,1403000000.0,1740000000.0,5123000000.0,,112000000.0,76000000.0,5235000000.0,1354000000.0,3881000000.0,3881000000.0,3.72,0.6228,0.3722,0.3803,0.282,0.3096,6059000000.0,5123000000.0,3.8037,3.8772,3.8772,3881000000.0,3881000000.0,0.4402,0.3455,TXN
2016-12-31 00:00:00,13370000000.0,5113000000.0,8257000000.0,1356000000.0,1742000000.0,4855000000.0,,75000000.0,80000000.0,4930000000.0,1335000000.0,3595000000.0,3595000000.0,3.37,0.6176,0.3631,0.3687,0.2689,0.3054,5810000000.0,4855000000.0,3.521,3.5843,3.5843,3595000000.0,3595000000.0,0.4346,0.3451,TXN
2016-09-30 00:00:00,13145000000.0,5144000000.0,8001000000.0,1309000000.0,1722000000.0,4713000000.0,,-141000000.0,83000000.0,4572000000.0,1188000000.0,3384000000.0,3384000000.0,3.15,0.6087,0.3585,0.3478,0.2574,0.3272,5702000000.0,4713000000.0,3.3051,3.3581,3.3581,3384000000.0,3384000000.0,0.4338,0.3641,TXN
2016-06-30 00:00:00,12899000000.0,5185000000.0,7714000000.0,1272000000.0,1714000000.0,4469000000.0,,-130000000.0,87000000.0,4339000000.0,1175000000.0,3164000000.0,3164000000.0,2.97,0.598,0.3465,0.3364,0.2453,0.3291,5506000000.0,4469000000.0,3.081,3.1232,3.1232,3164000000.0,3164000000.0,0.4269,0.3667,TXN
2016-03-31 00:00:00,12858000000.0,5270000000.0,7588000000.0,1251000000.0,1730000000.0,4348000000.0,,-122000000.0,90000000.0,4226000000.0,1185000000.0,3041000000.0,3041000000.0,2.86,0.5901,0.3382,0.3287,0.2365,0.3109,5434000000.0,4348000000.0,2.9403,2.978,2.978,3041000000.0,3041000000.0,0.4226,0.3454,TXN
2015-12-31 00:00:00,13000000000.0,5425000000.0,7575000000.0,1267000000.0,1728000000.0,4322000000.0,,-106000000.0,90000000.0,4216000000.0,1230000000.0,2986000000.0,2986000000.0,2.82,0.5827,0.3325,0.3243,0.2297,0.3043,5455000000.0,4322000000.0,2.8629,2.8991,2.8991,2986000000.0,2986000000.0,0.4196,0.3382,TXN
2015-09-30 00:00:00,13080000000.0,5491000000.0,7589000000.0,1285000000.0,1772000000.0,4232000000.0,,-68000000.0,90000000.0,4164000000.0,1189000000.0,2975000000.0,2961000000.0,2.78,0.5802,0.3235,0.3183,0.2264,0.2956,5409000000.0,4232000000.0,2.8212,2.8592,2.8592,2975000000.0,2975000000.0,0.4135,0.3266,TXN
2015-06-30 00:00:00,13152000000.0,5516000000.0,7636000000.0,1301000000.0,1801000000.0,4243000000.0,,-72000000.0,91000000.0,4171000000.0,1168000000.0,3003000000.0,2976000000.0,2.79,0.5806,0.3226,0.3171,0.2263,0.2952,5443000000.0,4243000000.0,2.8193,2.8583,2.8583,3003000000.0,3003000000.0,0.4139,0.3228,TXN
2015-03-31 00:00:00,13212000000.0,5576000000.0,7636000000.0,1330000000.0,1803000000.0,4215000000.0,,-72000000.0,91000000.0,4143000000.0,1153000000.0,2990000000.0,2953000000.0,2.77,0.578,0.319,0.3136,0.2235,0.2934,5431000000.0,4215000000.0,2.786,2.8255,2.8255,2990000000.0,2990000000.0,0.4111,0.318,TXN
2014-12-31 00:00:00,13045000000.0,5618000000.0,7427000000.0,1358000000.0,1843000000.0,3947000000.0,,-73000000.0,94000000.0,3874000000.0,1053000000.0,2821000000.0,2777000000.0,2.6,0.5693,0.3026,0.297,0.2129,0.2921,5177000000.0,3947000000.0,2.612,2.6488,2.6488,2821000000.0,2821000000.0,0.3969,0.3108,TXN
2014-09-30 00:00:00,12805000000.0,5632000000.0,7173000000.0,1393000000.0,1877000000.0,3534000000.0,,-65000000.0,96000000.0,3469000000.0,962000000.0,2507000000.0,2469000000.0,2.3,0.5602,0.276,0.2709,0.1928,0.2732,4772000000.0,3534000000.0,2.3054,2.3372,2.3372,2507000000.0,2507000000.0,0.3727,0.2982,TXN
2014-06-30 00:00:00,12548000000.0,5640000000.0,6908000000.0,1429000000.0,1879000000.0,3203000000.0,,-73000000.0,97000000.0,3130000000.0,820000000.0,2310000000.0,2274000000.0,2.09,0.5505,0.2553,0.2494,0.1812,0.2584,4451000000.0,3203000000.0,2.1025,2.1319,2.1319,2310000000.0,2310000000.0,0.3547,0.2858,TXN
2014-03-31 00:00:00,12303000000.0,5706000000.0,6597000000.0,1469000000.0,1878000000.0,3127000000.0,,-76000000.0,97000000.0,3051000000.0,764000000.0,2287000000.0,2250000000.0,2.05,0.5362,0.2542,0.248,0.1829,0.2537,4389000000.0,3127000000.0,2.0645,2.0926,2.0926,2287000000.0,2287000000.0,0.3567,0.2833,TXN
2013-12-31 00:00:00,12205000000.0,5841000000.0,6364000000.0,1522000000.0,1858000000.0,2832000000.0,,-78000000.0,95000000.0,2754000000.0,592000000.0,2162000000.0,2125000000.0,1.93,0.5214,0.232,0.2256,0.1741,0.2452,4129000000.0,2832000000.0,1.9426,1.9691,1.9691,2162000000.0,2162000000.0,0.3383,0.2773,TXN
2013-09-30 00:00:00,12155000000.0,5986000000.0,6169000000.0,1601000000.0,1828000000.0,2283000000.0,,-57000000.0,94000000.0,2226000000.0,311000000.0,1915000000.0,1882000000.0,1.7,0.5075,0.1878,0.1831,0.1548,0.2378,3686000000.0,2283000000.0,1.7133,1.7363,1.7363,1915000000.0,1915000000.0,0.3032,0.269,TXN
2013-06-30 00:00:00,12301000000.0,6171000000.0,6130000000.0,1696000000.0,1816000000.0,2279000000.0,,-26000000.0,91000000.0,2253000000.0,183000000.0,2070000000.0,2033000000.0,1.82,0.4983,0.1853,0.1832,0.1653,0.237,3691000000.0,2279000000.0,1.8342,1.8562,1.8562,2070000000.0,2070000000.0,0.3001,0.2703,TXN
2013-03-31 00:00:00,12589000000.0,6378000000.0,6211000000.0,1787000000.0,1801000000.0,1971000000.0,,-24000000.0,87000000.0,1947000000.0,91000000.0,1856000000.0,1822000000.0,1.62,0.4934,0.1566,0.1547,0.1447,0.2277,3388000000.0,1971000000.0,1.6298,1.649,1.649,1856000000.0,1856000000.0,0.2691,0.2641,TXN
2012-12-31 00:00:00,12825000000.0,6457000000.0,6368000000.0,1877000000.0,1804000000.0,1973000000.0,,-38000000.0,85000000.0,1935000000.0,176000000.0,1759000000.0,1728000000.0,1.53,0.4965,0.1538,0.1509,0.1347,0.2276,3374000000.0,1973000000.0,1.5349,1.5538,1.5538,1759000000.0,1759000000.0,0.2631,0.2662,TXN
