Date,Revenue,Cost of Revenue,Gross Profit,SG&A Expenses,Operating Income,Interest Expense (Operating),Non-operating Income/Expense,Non-operating Interest Expenses,EBT,Income Tax Provision,Income after Tax,Net Income Common,EPS (Basic),Gross Margin,EBIT Margin,EBT margin,Net Profit Margin,Free Cash Flow Margin,EBITDA,EBIT,"EPS (Diluted, from Cont. Ops)","EPS (Diluted, from Disc. Ops)","EPS (Basic, Consolidated)","EPS (Basic, from Discontinued Ops)","EPS (Basic, from Continuous Ops)",Income from Continuous Operations,Income from Discontinued Operations,Consolidated Net Income/Loss,EBITDA Margin,Operating Cash Flow Margin,Ticker
2022-09-30 00:00:00,11791243000.0,5492555000.0,6298688000.0,5033389000.0,843376200.0,134000000.0,-227558000.0,132935000.0,615819000.0,191967000.0,423852000.0,424251000.0,1.09,0.5342,0.0715,0.0522,0.036,-0.0137,1915628200.0,843376300.0,1.08,,1.0907,,1.1,423852000.0,,424251000.0,0.1625,0.01,VFC
2022-06-30 00:00:00,11908878000.0,5473824000.0,6435054000.0,4942372000.0,1492681200.0,135000000.0,-211196000.0,134097000.0,1281486000.0,275149000.0,1006337000.0,1006736000.0,2.58,0.5404,0.1253,0.1076,0.0845,0.0108,2156859200.0,1492681300.0,2.57,,2.5807,,2.59,1006337000.0,,1006736000.0,0.1811,0.0355,VFC
2022-03-31 00:00:00,11841840000.0,5386393000.0,6455447000.0,4823243000.0,1632203000.0,137000000.0,-108954000.0,136469000.0,1523250000.0,306981000.0,1216269000.0,1386941000.0,3.55,0.5451,0.1378,0.1286,0.1171,0.045,2309270000.0,1632203100.0,3.1,0.561,3.5536,0.571,3.12,1216269000.0,218030000.0,1386941000.0,0.195,0.0728,VFC
2021-12-31 00:00:00,11599848000.0,5264000000.0,6335848000.0,4753182000.0,1562305000.0,143000000.0,-121127000.0,142770000.0,1441178000.0,243609000.0,1197569000.0,1395619000.0,3.57,0.5462,0.1347,0.1242,0.1203,0.0533,2274422000.0,1562305000.0,3.06,,3.5705,,3.06,1197569000.0,,1395619000.0,0.1961,0.0833,VFC
2021-09-30 00:00:00,10947005000.0,5016420000.0,5930585000.0,4614362000.0,1295861900.0,143000000.0,-109291000.0,143091000.0,1186571000.0,179144000.0,1007427000.0,1225058000.0,3.13,0.5418,0.1184,0.1084,0.1119,0.0684,2011649900.0,1295861900.0,2.57,,3.135,,2.57,1007427000.0,,1225058000.0,0.1838,0.0968,VFC
2021-06-30 00:00:00,10357094000.0,4819380000.0,5537714000.0,4460029000.0,1057323800.0,141000000.0,-108757000.0,141310000.0,948567000.0,161947000.0,786620000.0,1017727000.0,2.61,0.5347,0.1021,0.0916,0.0983,0.1054,1782541800.0,1057323800.0,2.01,0.59,2.6101,0.6,2.01,786620000.0,231107000.0,1017727000.0,0.1721,0.1349,VFC
2021-03-31 00:00:00,9238830000.0,4370780000.0,4868050000.0,4240058000.0,607630800.0,135000000.0,-151159000.0,135655000.0,456472000.0,101566000.0,354906000.0,407869000.0,1.05,0.5269,0.0658,0.0494,0.0441,0.1125,1324666800.0,607630800.0,0.91,0.14,1.0468,0.14,0.91,354906000.0,52963000.0,407869000.0,0.1434,0.1421,VFC
2020-12-31 00:00:00,8758579000.0,4120647200.0,4637932000.0,4086332000.0,228376900.0,115000000.0,-250645000.0,124486000.0,-22268000.0,167655000.0,-189923100.0,-165427000.0,-0.42,0.5295,0.0261,-0.0025,-0.0189,0.0973,1248906900.0,228376700.0,-0.45,0.06,-0.3963,0.06,-0.45,-189923000.0,24496000.0,-165427100.0,0.1426,0.1341,VFC
2020-09-30 00:00:00,8942761000.0,4127276200.0,4815485000.0,4135845000.0,356416700.0,102000000.0,-264834000.0,112474000.0,91583000.0,187583000.0,-96000100.0,-47664000.0,-0.14,0.5385,0.0399,0.0102,-0.0053,0.1082,1372967700.0,356416500.0,-0.23,0.12,-0.1126,0.12,-0.23,-96000000.0,48336000.0,-47664100.0,0.1535,0.1479,VFC
2020-06-30 00:00:00,9514195000.0,4301187200.0,5213008000.0,4304754000.0,585030700.0,,-256704000.0,99177000.0,328327000.0,42196000.0,286130900.0,344615000.0,0.83,0.5479,0.0615,0.0345,0.0362,0.061,1579016700.0,585030500.0,0.7,0.15,0.8595,0.15,0.72,286131000.0,58484000.0,344614900.0,0.166,0.0985,VFC
2020-03-31 00:00:00,10488556000.0,4690520200.0,5798036000.0,4547008000.0,927804900.0,,-200597000.0,92042000.0,727208000.0,98062000.0,629145900.0,679449000.0,1.68,0.5528,0.0885,0.0693,0.0648,0.0516,1911353900.0,927804700.0,1.57,0.13,1.7184,0.13,1.59,629146000.0,50303000.0,679448900.0,0.1822,0.0834,VFC
2019-12-31 00:00:00,10068785000.0,4345139200.0,5723646000.0,4527803000.0,1195842600.0,,-90220000.0,89338000.0,1105623000.0,9573000.0,1096050000.0,1292029000.0,3.25,0.5685,0.1188,0.1098,0.1283,0.0802,1736700600.0,1195842600.0,2.72,0.48,3.2577,0.5,2.75,1096050000.0,195979000.0,1292029000.0,0.1725,0.1062,VFC
2019-09-30 00:00:00,10140774000.0,4458247200.0,5682527000.0,4505903000.0,1176623600.0,,-76986000.0,95371000.0,1099638000.0,16050000.0,1083588000.0,1290535000.0,3.25,0.5604,0.116,0.1084,0.1273,0.0946,1614579600.0,1176623600.0,2.69,0.51,3.2559,0.53,2.72,1083588000.0,206947000.0,1290535000.0,0.1592,0.1179,VFC
2019-06-30 00:00:00,10180406000.0,4547321200.0,5633085000.0,4460037000.0,1173047700.0,,-117620000.0,102866000.0,1055428000.0,181093000.0,874335000.0,1148655000.0,2.9,0.5533,0.1152,0.1037,0.1128,0.1058,1530241700.0,1173047700.0,2.18,0.68,2.9052,0.7,2.2,874335000.0,274320000.0,1148655000.0,0.1503,0.1297,VFC
2019-03-31 00:00:00,10266887000.0,4656326200.0,5610561000.0,4420379000.0,1190181600.0,,-151869000.0,107738000.0,1038313000.0,167887000.0,870426000.0,1259792000.0,3.19,0.5465,0.1159,0.1011,0.1227,0.1359,1445910600.0,1190181600.0,2.17,0.97,3.1879,0.99,2.2,870426000.0,389366000.0,1259792000.0,0.1408,0.1621,VFC
2018-12-31 00:00:00,11977171000.0,5704482000.0,6272689000.0,4518257000.0,1754432000.0,,-153766000.0,110748000.0,1600666000.0,240238000.0,1360428000.0,1517128000.0,3.84,0.5237,0.1465,0.1336,0.1267,0.0794,2126814000.0,1754432000.0,3.4,0.4,3.8423,0.4,3.44,1360428000.0,156700000.0,1517128000.0,0.1776,0.1209,VFC
2018-09-30 00:00:00,11018079000.0,5382197000.0,5635882000.0,4242594000.0,1393288500.0,,-151343000.0,106602000.0,1241945000.0,183545000.0,1058400000.0,1163508000.0,2.95,0.5115,0.1265,0.1127,0.1056,0.0037,1768350500.0,1393288500.0,2.65,0.27,2.9465,0.27,2.68,1058400000.0,105108000.0,1163508000.0,0.1605,0.029,VFC
2018-06-30 00:00:00,10380366000.0,5123491000.0,5256875000.0,4139979000.0,3429979400.0,,-116217000.0,102003000.0,1026969000.0,170014000.0,1127500000.0,865550000.0,2.18,0.5064,0.1403,0.0989,0.0834,0.0021,3728678400.0,1456549500.0,2.13,0.03,2.8711,0.03,2.15,856955000.0,8595000.0,1154876000.0,0.3592,0.0273,VFC
2017-09-30 00:00:00,11570947000.0,5811273000.0,5759674000.0,4062029000.0,3925127500.0,,-91832000.0,99787000.0,1542730000.0,261915000.0,1202629000.0,1203681000.0,2.98,0.4978,0.1329,0.1333,0.104,-0.0175,4238949500.0,1537872600.0,3.14,-0.19,2.5869,-0.19,3.16,1280815000.0,-77134000.0,1045533000.0,0.3663,0.0032,VFC
2017-06-30 00:00:00,10498479000.0,5307479000.0,5191000000.0,3979285000.0,3544022500.0,,-89317000.0,96309000.0,1166182000.0,222694000.0,1186444000.0,868556000.0,2.12,0.4945,0.1526,0.1111,0.0827,-0.0022,3814983500.0,1601908500.0,2.27,-0.17,2.6865,-0.18,2.29,943488000.0,-74932000.0,1119257000.0,0.3634,0.0041,VFC
2017-03-31 00:00:00,10864276000.0,5515703000.0,5348573000.0,,6018763200.0,,,94147000.0,1323399000.0,245068000.0,,1018936000.0,2.46,0.4923,0.0,0.1218,0.0938,-0.0529,6224254200.0,,2.56,-0.14,,-0.15,2.59,1078331000.0,-59395000.0,,0.5729,-0.0284,VFC
2016-09-30 00:00:00,11812225000.0,6073459000.0,5738766000.0,3959885000.0,4076649200.0,,-85786000.0,92604000.0,1669808000.0,348521000.0,1247194000.0,1269637000.0,3.03,0.4858,0.1406,0.1414,0.1075,-0.034,4351179200.0,1661212400.0,3.1,-0.12,2.8122,-0.1348,3.15,1321287000.0,-51650000.0,1180179000.0,0.3684,-0.0107,VFC
2016-06-30 00:00:00,10911495000.0,5641326000.0,5270169000.0,4002197000.0,3687382300.0,,-84433000.0,90681000.0,1283913000.0,280008000.0,1232499000.0,941959000.0,2.22,0.483,0.1545,0.1177,0.0863,-0.0726,4023158300.0,1686047300.0,2.33,-0.14,2.6992,-0.1548,2.37,1003905000.0,-61946000.0,1152219000.0,0.3687,-0.0375,VFC
2016-03-31 00:00:00,11428330000.0,5902626000.0,5525704000.0,,6330261200.0,,,88900000.0,1488296000.0,332175000.0,,1179653000.0,2.78,0.4835,0.0,0.1302,0.1032,-0.1032,6528565200.0,,3.0853,,,,3.1326,1337941000.0,,,0.5713,-0.0723,VFC
2015-09-30 00:00:00,12314360000.0,6370581000.0,5943779000.0,4004324000.0,4328926200.0,,-84867000.0,89427000.0,1805997000.0,421282000.0,1253688000.0,1389913000.0,3.25,0.4827,0.139,0.1467,0.1129,-0.0756,4596548200.0,1711433100.0,2.886,,2.9434,,2.9294,1253688000.0,,1258886000.0,0.3733,-0.0434,VFC
2015-06-30 00:00:00,11186810000.0,5765484000.0,5421326000.0,3948124000.0,3909171100.0,,-84169000.0,88602000.0,1387850000.0,303088000.0,1229814000.0,1087731000.0,2.54,0.4846,0.1476,0.1241,0.0972,-0.0683,4238955100.0,1651573200.0,2.7994,,2.8518,,2.8393,1229814000.0,,1232783000.0,0.3789,-0.0256,VFC
2015-03-31 00:00:00,11540602000.0,5911112000.0,5629490000.0,,6470968900.0,,,86379000.0,1570955000.0,356842000.0,,1214113000.0,2.82,0.4878,0.0,0.1361,0.1052,-0.0366,6671487900.0,,,,,,,,,,0.5781,-0.0018,VFC
2014-09-30 00:00:00,12000570000.0,6192709000.0,5807861000.0,3876775000.0,4213371000.0,,-86107000.0,85776000.0,1750509000.0,391344000.0,1200246000.0,1359165000.0,3.13,0.484,0.1362,0.1459,0.1133,0.0095,4478284100.0,1633926900.0,2.7195,,2.7656,,2.7656,1200246000.0,,1200246000.0,0.3732,0.0423,VFC
2014-06-30 00:00:00,10700534000.0,5517412000.0,5183122000.0,3741437000.0,3781622900.0,,-85435000.0,84755000.0,1318842000.0,291932000.0,1111035000.0,1026910000.0,2.3575,0.4844,0.1437,0.1233,0.096,0.015,4093933000.0,1537737000.0,2.4993,,2.5431,,2.5431,1111035000.0,,1000134000.0,0.3826,0.0609,VFC
2014-03-31 00:00:00,10910327000.0,5633345000.0,5276982000.0,,6173684000.0,,,84425000.0,1457610000.0,317965000.0,,1139645000.0,2.6075,0.4837,0.0,0.1336,0.1045,-0.0008,6354793100.0,,,,,,,,,,0.5825,0.0406,VFC
2013-09-30 00:00:00,11277903000.0,5904869000.0,5373034000.0,3620902000.0,3929798100.0,,-45956000.0,87629000.0,1591070000.0,367300000.0,1108778000.0,1223770000.0,2.7975,0.4764,0.1314,0.1411,0.1085,0.0022,4166919200.0,1481914000.0,2.4879,,2.5321,,2.5321,1108778000.0,,1223770000.0,0.3695,0.0407,VFC
2013-06-30 00:00:00,10122420000.0,5332137000.0,4790282900.0,3446451000.0,3514079900.0,,-50492000.0,89976000.0,1215741000.0,270307000.0,976429000.0,945306000.0,2.1625,0.4732,0.1316,0.1201,0.0934,-0.0093,3797577900.0,1332328800.0,2.1898,,2.2295,,2.2295,976429000.0,,945434000.0,0.3752,0.0401,VFC
2013-03-31 00:00:00,10458464000.0,5577645000.0,4880818900.0,,5869201000.0,,,91787000.0,1330179000.0,307792000.0,,1022248000.0,2.3325,0.4667,0.0,0.1272,0.0977,-0.0337,6035984000.0,,,,,,,,,1022387000.0,0.5771,0.0002,VFC
