Date,Revenue,Cost of Revenue,Gross Profit,SG&A Expenses,Operating Income,Interest Expense (Operating),Non-operating Income/Expense,Non-operating Interest Expenses,EBT,Income Tax Provision,Income after Tax,Net Income Common,EPS (Basic),Gross Margin,EBIT Margin,EBT margin,Net Profit Margin,Free Cash Flow Margin,EBITDA,EBIT,"EPS (Diluted, from Cont. Ops)","EPS (Diluted, from Disc. Ops)","EPS (Basic, Consolidated)","EPS (Basic, from Discontinued Ops)","EPS (Basic, from Continuous Ops)",Income from Continuous Operations,Income from Discontinued Operations,Consolidated Net Income/Loss,EBITDA Margin,Operating Cash Flow Margin,Ticker
2022-09-30 00:00:00,7189000000.0,5630000000.0,1560000000.0,513200000.0,971400400.0,155000000.0,77000000.0,158400000.0,807000000.0,195000000.0,610900000.0,594000000.0,4.45,0.217,0.1351,0.1123,0.0826,0.0715,1686000000.0,971400200.0,4.57,-0.12,4.4691,-0.13,4.6,610900000.0,-16600000.0,611000000.0,0.2345,0.144,VMC
2022-06-30 00:00:00,6618000000.0,5157000000.0,1461000000.0,481900000.0,928400300.0,145000000.0,-21000000.0,149100000.0,775000000.0,165000000.0,609600000.0,594000000.0,4.44,0.2208,0.1403,0.1171,0.0898,0.0643,1582000000.0,928400100.0,4.57,-0.13,4.4688,-0.12,4.59,609600000.0,-15600000.0,610000000.0,0.239,0.142,VMC
2022-03-31 00:00:00,6025000000.0,4611600000.0,1413400000.0,448200000.0,908300300.0,148000000.0,-45400000.0,152100000.0,765100000.0,158300000.0,605900000.0,602300000.0,4.51,0.2346,0.1508,0.127,0.1,0.0902,1502600100.0,908300100.0,4.54,-0.04,4.5304,-0.03,4.56,605900000.0,-4000000.0,604300000.0,0.2494,0.169,VMC
2021-12-31 00:00:00,5552300000.0,4178600000.0,1373700000.0,417800000.0,1010800500.0,146000000.0,-74600000.0,149300000.0,874400000.0,199900000.0,673700000.0,670900000.0,5.03,0.2474,0.1821,0.1575,0.1208,0.14,1545500200.0,1010800300.0,5.05,-0.04,5.0481,-0.03,5.08,673700000.0,-3300000.0,670900000.0,0.2784,0.1822,VMC
2021-09-30 00:00:00,5121393000.0,3795932900.0,1324459800.0,391954000.0,995799000.0,143000000.0,-128809000.0,147091000.0,846590000.0,195170000.0,651420000.0,647438000.0,4.86,0.2586,0.1944,0.1653,0.1264,0.1562,1457787100.0,995799000.0,4.88,-0.04,4.8749,-0.03,4.91,651420000.0,-4182000.0,647438000.0,0.2846,0.1986,VMC
2021-06-30 00:00:00,4914283000.0,3603324900.0,1310957800.0,371465000.0,1021503100.0,142000000.0,-145804000.0,146073000.0,875699000.0,200154000.0,675545000.0,670226000.0,5.05,0.2668,0.2079,0.1782,0.1364,0.1853,1426852100.0,1021503100.0,5.06,-0.04,5.0506,-0.04,5.1,675545000.0,-5319000.0,670226000.0,0.2903,0.2122,VMC
2021-03-31 00:00:00,4875858000.0,3566780900.0,1309076700.0,361970000.0,1032898900.0,135000000.0,-138991000.0,138327000.0,893908000.0,204206000.0,689702000.0,684842000.0,5.16,0.2685,0.2118,0.1833,0.1405,0.2117,1434618900.0,1032898900.0,5.17,-0.03,5.1637,-0.04,5.21,689702000.0,-4860000.0,684842000.0,0.2942,0.2373,VMC
2020-12-31 00:00:00,4856800000.0,3575299900.0,1281499700.0,359800000.0,895699800.0,132000000.0,-151900000.0,136000000.0,743800000.0,155800000.0,588000000.0,584500000.0,4.4,0.2639,0.1844,0.1531,0.1203,0.1482,1292499800.0,895699800.0,4.41,-0.02,4.408,-0.03,4.44,588000000.0,-3500000.0,584500000.0,0.2661,0.2204,VMC
2020-09-30 00:00:00,4867856000.0,3596036000.0,1271820000.0,356900000.0,892918300.0,130000000.0,-124279000.0,132543000.0,768639000.0,153967000.0,614672000.0,611092000.0,4.61,0.2613,0.1834,0.1579,0.1255,0.1622,1284505300.0,892918200.0,4.62,-0.04,4.6121,-0.03,4.64,614672000.0,-3580000.0,611092000.0,0.2639,0.2292,VMC
2020-06-30 00:00:00,4976724000.0,3684759000.0,1291965100.0,362178000.0,908190300.0,,-126122000.0,128958000.0,782068000.0,150455000.0,631613000.0,627017000.0,4.73,0.2596,0.1825,0.1571,0.126,0.1489,1295064300.0,908190200.0,4.74,-0.04,4.7342,-0.04,4.77,631613000.0,-4596000.0,627017000.0,0.2602,0.2226,VMC
2020-03-31 00:00:00,4981831000.0,3715883000.0,1265948200.0,366662000.0,885368400.0,,-130104000.0,128039000.0,755264000.0,136701000.0,618563000.0,614659000.0,4.64,0.2541,0.1777,0.1516,0.1234,0.1133,1266267400.0,885368300.0,4.64,-0.04,4.6441,-0.04,4.68,618563000.0,-3904000.0,614659000.0,0.2542,0.1908,VMC
2019-12-31 00:00:00,4929100000.0,3673200000.0,1255900200.0,370500000.0,877500400.0,,-119800000.0,130200000.0,757700000.0,135200000.0,622500000.0,617700000.0,4.67,0.2548,0.178,0.1537,0.1253,0.1263,1252100400.0,877500300.0,4.67,-0.04,4.669,-0.04,4.71,622500000.0,-4800000.0,617700000.0,0.254,0.1997,VMC
2019-09-30 00:00:00,4830998000.0,3592893100.0,1238105100.0,359128000.0,870963700.0,,-125370000.0,131578000.0,745594000.0,141406000.0,604188000.0,600593000.0,4.54,0.2563,0.1803,0.1543,0.1243,0.1035,1239671700.0,870963900.0,4.52,-0.01,4.5402,-0.04,4.57,604188000.0,-3595000.0,600593000.0,0.2566,0.1876,VMC
2019-06-30 00:00:00,4652437000.0,3471833100.0,1180604000.0,351945000.0,816771700.0,,-122189000.0,132928000.0,694583000.0,128597000.0,565986000.0,564031000.0,4.26,0.2538,0.1756,0.1493,0.1212,0.0937,1178622700.0,816771900.0,4.23,-0.01,4.2643,-0.02,4.28,565986000.0,-1955000.0,564031000.0,0.2533,0.1846,VMC
2019-03-31 00:00:00,4524906000.0,3391620100.0,1133286000.0,345299000.0,770950700.0,,-121525000.0,133137000.0,649426000.0,121045000.0,528381000.0,526125000.0,3.98,0.2505,0.1704,0.1435,0.1163,0.0929,1124938700.0,770950900.0,3.95,-0.02,3.9762,-0.01,3.99,528381000.0,-2256000.0,526125000.0,0.2486,0.1892,VMC
2018-12-31 00:00:00,4382869000.0,3281924100.0,1100945000.0,333371000.0,747712700.0,,-124423000.0,137977000.0,623290000.0,105449000.0,517841000.0,515805000.0,3.9,0.2512,0.1706,0.1422,0.1177,0.088,1093958700.0,747712900.0,3.87,,3.8961,,3.91,517841000.0,-2036000.0,515805000.0,0.2496,0.19,VMC
2018-09-30 00:00:00,4272312100.0,3205135000.0,1067177200.0,334910000.0,709853200.0,,-226149000.0,245515000.0,483704000.0,-237826000.0,721530000.0,719328000.0,5.43,0.2498,0.1662,0.1132,0.1684,0.0925,1044307200.0,709853000.0,5.37,-0.02,5.4293,-0.02,5.45,721530000.0,-2202000.0,719328000.0,0.2444,0.1914,VMC
2018-06-30 00:00:00,4126830100.0,3099037000.0,1027793200.0,326916000.0,688147200.0,,-275740000.0,294009000.0,412407000.0,-239409000.0,651816000.0,648756000.0,4.9,0.2491,0.1667,0.0999,0.1572,0.0885,1012845200.0,688147000.0,4.85,-0.03,4.8957,-0.02,4.92,651816000.0,-3060000.0,648756000.0,0.2454,0.1854,VMC
2018-03-31 00:00:00,3957442100.0,2962816000.0,994626200.0,320929000.0,649860100.0,,-280400000.0,299220000.0,369460000.0,-233803000.0,603263000.0,609243000.0,4.6,0.2513,0.1642,0.0934,0.1539,0.0517,965701100.0,649859900.0,4.48,0.04,4.5975,0.05,4.55,603263000.0,5980000.0,609243000.0,0.244,0.1626,VMC
2017-12-31 00:00:00,3890296100.0,2896783000.0,993513200.0,324972000.0,639044100.0,,-277728000.0,295522000.0,361316000.0,-232075000.0,593391000.0,601185000.0,4.54,0.2554,0.1643,0.0929,0.1545,0.0516,945009100.0,639043900.0,4.4,0.06,4.5369,0.06,4.48,593391000.0,7794000.0,601185000.0,0.2429,0.1657,VMC
2017-09-30 00:00:00,3785779900.0,2806010000.0,979769900.0,320360000.0,649941700.0,,-161623000.0,188457000.0,488319000.0,114834000.0,373485000.0,386239000.0,2.92,0.2588,0.1717,0.129,0.102,0.0628,949493700.0,649941700.0,2.77,0.08,2.9123,0.1,2.82,373485000.0,12754000.0,386239000.0,0.2508,0.1689,VMC
2017-06-30 00:00:00,3699204900.0,2718984000.0,980220900.0,323059000.0,649539700.0,,-115511000.0,139542000.0,534029000.0,125557000.0,408472000.0,419684000.0,3.15,0.265,0.1756,0.1444,0.1135,0.0629,941504700.0,649539700.0,3.02,0.07,3.1604,0.09,3.08,408472000.0,11212000.0,419684000.0,0.2545,0.1743,VMC
2017-03-31 00:00:00,3625266900.0,2642879000.0,982387900.0,322684000.0,671359800.0,,-114250000.0,134420000.0,557110000.0,133146000.0,423964000.0,424254000.0,3.17,0.271,0.1852,0.1537,0.117,0.0824,958456800.0,671359800.0,3.12,0.0,3.1878,0.0,3.19,423964000.0,290000.0,424254000.0,0.2644,0.1793,VMC
2016-12-31 00:00:00,3592666900.0,2603782000.0,988884900.0,316769000.0,665901800.0,,-118645000.0,134076000.0,547257000.0,124851000.0,422406000.0,419491000.0,2.97,0.2753,0.1854,0.1523,0.1168,0.0884,950841800.0,665901800.0,3.11,-0.02,3.1492,-0.02,3.17,422406000.0,-2915000.0,419491000.0,0.2647,0.1794,VMC
2016-09-30 00:00:00,3576977900.0,2561938100.0,1015039800.0,314954000.0,678819900.0,,-135578000.0,136848000.0,543242000.0,135339000.0,407903000.0,395779000.0,2.79,0.2838,0.1898,0.1519,0.1106,0.0812,962234900.0,678820000.0,3.01,-0.07,2.9726,-0.09,3.06,407903000.0,-12124000.0,395779000.0,0.269,0.1797,VMC
2016-06-30 00:00:00,3607297900.0,2605177100.0,1002120800.0,310033000.0,663949900.0,,-144060000.0,141522000.0,519890000.0,130922000.0,388968000.0,377560000.0,2.67,0.2778,0.1841,0.1441,0.1047,0.0767,944978900.0,663950000.0,2.87,-0.07,2.8325,-0.09,2.92,388968000.0,-11408000.0,377560000.0,0.262,0.1691,VMC
2016-03-31 00:00:00,3545615900.0,2601230100.0,944385800.0,296549000.0,603939900.0,,-194846000.0,191840000.0,409094000.0,97548000.0,311546000.0,301013000.0,2.1,0.2664,0.1703,0.1154,0.0849,0.07,881445900.0,603940000.0,2.31,-0.07,2.2596,-0.08,2.34,311546000.0,-10533000.0,301013000.0,0.2486,0.1662,VMC
2015-12-31 00:00:00,3422180900.0,2564648100.0,857532900.0,286844000.0,549777900.0,,-221921000.0,220588000.0,327857000.0,94943000.0,232914000.0,221177000.0,1.66,0.2506,0.1607,0.0958,0.0646,0.0697,824600900.0,549778000.0,1.72,-0.08,1.6604,-0.09,1.75,232914000.0,-11737000.0,221177000.0,0.241,0.1518,VMC
2015-09-30 00:00:00,3319922800.0,2546658900.0,773264000.0,279830000.0,476632900.0,,-228008000.0,225767000.0,248625000.0,70922000.0,177703000.0,170311000.0,1.28,0.2329,0.1436,0.0749,0.0513,0.0396,752041900.0,476633000.0,1.31,-0.0598,1.2779,-0.0597,1.34,177703000.0,-7392000.0,170311000.0,0.2265,0.1183,VMC
2015-06-30 00:00:00,3155041800.0,2464025900.0,691016000.0,274514000.0,404757900.0,,-228874000.0,228858000.0,175884000.0,56602000.0,119282000.0,113445000.0,0.86,0.219,0.1283,0.0557,0.036,0.0173,681660900.0,404758000.0,0.89,-0.0461,0.8582,-0.0461,0.9,119282000.0,-5837000.0,113445000.0,0.2161,0.096,VMC
2015-03-31 00:00:00,3051041800.0,2419686900.0,631355000.0,272932000.0,354227900.0,,-183537000.0,185758000.0,170691000.0,54717000.0,115974000.0,111250000.0,0.85,0.2069,0.1161,0.0559,0.0365,0.022,631069900.0,354228000.0,0.87,-0.0361,0.8469,-0.0361,0.88,115974000.0,-4724000.0,111250000.0,0.2068,0.0935,VMC
2014-12-31 00:00:00,2994168800.0,2406586900.0,587581900.0,272288000.0,538137800.0,,-239300000.0,243367000.0,298838000.0,91692000.0,207146000.0,204923000.0,1.56,0.1962,0.1797,0.0998,0.0684,0.0208,817634800.0,538137900.0,1.56,-0.02,1.5588,-0.02,1.58,207146000.0,-2223000.0,204923000.0,0.2731,0.0872,VMC
2014-09-30 00:00:00,2919388000.0,2384119200.0,535268800.0,263824000.0,492074600.0,,-243818000.0,251360000.0,248257000.0,69363000.0,178894000.0,175984000.0,1.34,0.1833,0.1686,0.085,0.0603,-0.0196,777163600.0,492074800.0,1.35,-0.0102,1.3411,-0.0143,1.36,178894000.0,-2910000.0,175984000.0,0.2662,0.0843,VMC
2014-06-30 00:00:00,2859377000.0,2374167200.0,485209800.0,263604000.0,451510600.0,,-249158000.0,259603000.0,202353000.0,49090000.0,153263000.0,150408000.0,1.15,0.1697,0.1579,0.0708,0.0526,0.045,743763600.0,451510800.0,1.16,-0.0139,1.1507,-0.0139,1.17,153263000.0,-2855000.0,150408000.0,0.2601,0.1485,VMC
2014-03-31 00:00:00,2806967000.0,2363650200.0,443316800.0,260891000.0,435130600.0,,-260992000.0,269925000.0,174139000.0,37259000.0,136880000.0,133213000.0,1.02,0.1579,0.155,0.062,0.0475,0.0369,736019600.0,435130800.0,1.04,-0.0239,1.0211,-0.0239,1.05,136880000.0,-3667000.0,133213000.0,0.2622,0.1298,VMC
2013-12-31 00:00:00,2770709000.0,2343829200.0,426879800.0,259427000.0,190403700.0,,-194107000.0,202588000.0,-3703000.0,-24459000.0,20756000.0,24382000.0,0.19,0.1541,0.0687,-0.0013,0.0088,0.0356,497511700.0,190403900.0,0.16,0.03,0.1871,0.03,0.16,20756000.0,3626000.0,24382000.0,0.1796,0.1287,VMC
2013-09-30 00:00:00,2698894000.0,2310154900.0,388739100.0,262284000.0,192107200.0,,-198188000.0,206830000.0,-6081000.0,-21228000.0,15147000.0,18782000.0,0.15,0.144,0.0712,-0.0023,0.007,0.115,501552200.0,192107200.0,0.11,0.02,0.1446,0.024,0.11,15147000.0,3635000.0,18782000.0,0.1858,0.15,VMC
2013-06-30 00:00:00,2614187000.0,2257507900.0,356679100.0,261871000.0,148206200.0,,-202601000.0,210739000.0,-54395000.0,-43013000.0,-11382000.0,-8321000.0,-0.06,0.1364,0.0567,-0.0208,-0.0032,0.0511,463439200.0,148206200.0,-0.09,0.02,-0.063,0.02,-0.09,-11382000.0,3061000.0,-8321000.0,0.1773,0.075,VMC
2013-03-31 00:00:00,2569590000.0,2239866900.0,329723100.0,258883000.0,81002200.0,,-206410000.0,213553000.0,-125408000.0,-66913000.0,-58495000.0,-55376000.0,-0.42,0.1283,0.0315,-0.0488,-0.0216,0.0649,403391200.0,81002200.0,-0.45,0.02,-0.4249,0.02,-0.45,-58495000.0,3119000.0,-55376000.0,0.157,0.0765,VMC
2012-12-31 00:00:00,2567310000.0,2233283900.0,334026100.0,259140000.0,84781200.0,,-205199000.0,213067000.0,-120418000.0,-66492000.0,-53926000.0,-52593000.0,-0.4,0.1301,0.033,-0.0469,-0.0205,0.088,416740200.0,84781200.0,-0.42,0.01,-0.4054,0.01,-0.42,-53926000.0,1333000.0,-52593000.0,0.1623,0.0929,VMC
