Date,Revenue,Cost of Revenue,Gross Profit,SG&A Expenses,Operating Income,Non-operating Income/Expense,Non-operating Interest Expenses,EBT,Income Tax Provision,Income after Tax,Net Income Common,EPS (Basic),Gross Margin,EBIT Margin,EBT margin,Net Profit Margin,Free Cash Flow Margin,EBITDA,EBIT,"EPS (Diluted, from Cont. Ops)","EPS (Diluted, from Disc. Ops)","EPS (Basic, Consolidated)","EPS (Basic, from Discontinued Ops)","EPS (Basic, from Continuous Ops)",Income from Continuous Operations,Income from Discontinued Operations,Consolidated Net Income/Loss,EBITDA Margin,Operating Cash Flow Margin,Ticker
2022-09-30 00:00:00,1774135000.0,868112000.0,906022900.0,136496000.0,277074700.0,-53329000.0,13043000.0,199094000.0,24741000.0,174353000.0,95912000.0,0.5,0.5107,0.1562,0.1122,0.0541,0.0049,791518700.0,277074900.0,0.9081,,0.9094,,0.9094,174353000.0,,174331000.0,0.4461,0.4871,VNO
2022-06-30 00:00:00,1725916000.0,867900000.0,858015900.0,132875000.0,264948700.0,4268000.0,4766000.0,221660000.0,-4346000.0,226006000.0,125828000.0,0.66,0.4971,0.1535,0.1284,0.0729,-0.0782,743913700.0,264948900.0,1.1771,,1.1791,,1.1791,226006000.0,,225980000.0,0.431,0.4228,VNO
2022-03-31 00:00:00,1651363000.0,833657000.0,817705900.0,131575000.0,243851800.0,32571000.0,55352000.0,228866000.0,-5069000.0,233935000.0,123460000.0,0.65,0.4952,0.1477,0.1386,0.0748,-0.0664,691682800.0,243852000.0,1.2177,,1.221,,1.221,233935000.0,,233914000.0,0.4189,0.4291,VNO
2021-12-31 00:00:00,1589210000.0,807945000.0,781264900.0,134545000.0,221340800.0,15173000.0,103509000.0,197057000.0,-10496000.0,207553000.0,101070000.0,0.53,0.4916,0.1393,0.124,0.0636,0.0166,644685800.0,221341000.0,1.0804,,1.0836,,1.0836,207553000.0,,207537000.0,0.4057,0.4794,VNO
2021-09-30 00:00:00,1544561000.0,794217000.0,750344000.0,161595000.0,-61338900.0,28756000.0,157224000.0,-55488000.0,-22352000.0,-33136000.0,-119318000.0,-0.62,0.4858,-0.0397,-0.0359,-0.0773,-0.0282,338684000.0,-61338900.0,-0.1779,,-0.1746,,-0.1746,-33136000.0,,-33144000.0,0.2193,0.4603,VNO
2021-06-30 00:00:00,1499311000.0,768066000.0,731245000.0,168449000.0,-96979900.0,87620000.0,213962000.0,-9360000.0,26805000.0,-36165000.0,-103829000.0,-0.54,0.4877,-0.0647,-0.0062,-0.0693,-0.0556,308078000.0,-96979900.0,-0.192,,-0.1896,,-0.1896,-36165000.0,,-36165000.0,0.2055,0.4197,VNO
2021-03-31 00:00:00,1463396000.0,682244000.0,781152000.0,172861000.0,-57490900.0,-247057000.0,220473000.0,-304548000.0,25801000.0,-330349000.0,-349624000.0,-1.82,0.5338,-0.0393,-0.2081,-0.2389,-0.0679,347734000.0,-57490900.0,-1.7287,,-1.7281,,-1.7281,-330349000.0,,-330349000.0,0.2376,0.4079,VNO
2020-12-31 00:00:00,1527951000.0,720500000.0,807451000.0,181509000.0,-22788900.0,-402426000.0,229251000.0,-425215000.0,36630000.0,-461845000.0,-348744000.0,-1.81,0.5285,-0.0149,-0.2783,-0.2282,-0.2182,378275000.0,-22788900.0,-2.4161,,-2.4161,,-2.4161,-461845000.0,,-461845000.0,0.2476,0.2777,VNO
2020-09-30 00:00:00,1612488000.0,755486000.0,857002000.0,160046000.0,304856900.0,-336027000.0,234301000.0,-31170100.0,61328000.0,-92498000.0,53599800.0,0.29,0.5315,0.1891,-0.0193,0.0332,-0.2171,690420900.0,304856900.0,-0.4841,,-0.4845,,-0.4848,-92498000.0,,-92443000.0,0.4282,0.2827,VNO
2020-06-30 00:00:00,1714487000.0,787192000.0,927295000.0,160876000.0,388262900.0,-124208000.0,238378000.0,264054900.0,61432000.0,202623000.0,323335800.0,1.7,0.5409,0.2265,0.154,0.1886,-0.1401,762181900.0,388262900.0,1.0611,,1.0627,,1.0625,202623000.0,107000.0,202670000.0,0.4446,0.3718,VNO
2020-03-31 00:00:00,1834564000.0,1004330000.0,830234000.0,164734000.0,272154900.0,2830962000.0,243002000.0,3103116900.0,86509000.0,3016608000.0,2921280800.0,15.31,0.4526,0.1483,1.6915,1.5924,-0.1378,667354900.0,272154900.0,15.7892,,15.8109,,15.8103,3016608000.0,,3016715000.0,0.3638,0.3542,VNO
2019-12-31 00:00:00,1924700000.0,1021296000.0,903404000.0,169920000.0,299544900.0,3138186000.0,286623000.0,3437730900.0,103439000.0,3334292000.0,3097805800.0,16.23,0.4694,0.1556,1.7861,1.6095,-0.1144,718647900.0,299544900.0,17.4522,-0.0001,17.4751,-0.0001,17.4753,3334292000.0,-30000.0,3334262000.0,0.3734,0.3442,VNO
2019-09-30 00:00:00,2007149000.0,1051641000.0,955508000.0,163063000.0,337858000.0,3046588000.0,310115000.0,3384446000.0,113211000.0,3271235000.0,3005083000.0,15.75,0.4761,0.1683,1.6862,1.4972,-0.0699,776179000.0,337857900.0,17.1217,0.001,17.1493,0.001,17.1484,3271235000.0,172000.0,3271407000.0,0.3867,0.355,VNO
2019-06-30 00:00:00,2083236000.0,1061791000.0,1021445000.0,161803000.0,387436000.0,2830312000.0,337618000.0,3217748000.0,91269000.0,3126479000.0,2872822000.0,15.06,0.4903,0.186,1.5446,1.379,0.0433,838704900.0,387435900.0,16.3621,0.0013,16.3945,0.0013,16.3932,3126479000.0,241000.0,3126720000.0,0.4026,0.4101,VNO
2019-03-31 00:00:00,2161951000.0,976447000.0,1185504000.0,157358000.0,556367000.0,142956000.0,362246000.0,699323000.0,64822000.0,634501000.0,584161000.0,3.07,0.5483,0.2573,0.3235,0.2702,-0.0506,1002432900.0,556366900.0,3.3188,0.0046,3.3374,0.0046,3.3329,634501000.0,864000.0,635365000.0,0.4637,0.2781,VNO
2018-12-31 00:00:00,2163720000.0,980161000.0,1183559000.0,141871000.0,582961000.0,-123363000.0,347949000.0,459598000.0,37633000.0,421965000.0,384832000.0,2.03,0.547,0.2694,0.2124,0.1779,0.0693,1017172900.0,582960900.0,2.206,0.0034,2.2217,0.0034,2.2183,421965000.0,638000.0,422603000.0,0.4701,0.371,VNO
2018-09-30 00:00:00,2156529000.0,951555000.0,1204974000.0,142791000.0,608275000.0,-186686000.0,357847000.0,421589000.0,44910000.0,376679000.0,311657000.0,1.64,0.5588,0.2821,0.1955,0.1445,0.0483,1041498800.0,608275000.0,1.8161,0.022,1.9886,0.012,1.8353,376679000.0,1654000.0,378333000.0,0.483,0.3184,VNO
2018-06-30 00:00:00,2143236000.0,938757000.0,1204479000.0,145100000.0,613554000.0,-374645000.0,353964000.0,238909000.0,44155000.0,194754000.0,91986000.0,0.49,0.562,0.2863,0.1115,0.0429,0.0888,1043723900.0,613554000.0,0.7609,-0.2183,0.7799,-0.2283,0.7736,194754000.0,-46337000.0,148417000.0,0.487,0.3664,VNO
2018-03-31 00:00:00,2112505000.0,917719000.0,1194786000.0,146078000.0,610894000.0,-348344000.0,351096000.0,262550000.0,43078000.0,219472000.0,96424000.0,0.51,0.5656,0.2892,0.1243,0.0456,0.1049,1064258900.0,610894000.0,0.7334,-0.1319,1.0048,-0.1419,0.7434,219472000.0,-28909000.0,190563000.0,0.5038,0.3902,VNO
2017-12-31 00:00:00,2084126000.0,888372000.0,1195754000.0,150782000.0,608651000.0,-288920000.0,345654000.0,319731000.0,42375000.0,277356000.0,162017000.0,0.85,0.5737,0.292,0.1534,0.0777,0.1118,1091686900.0,608651000.0,0.91,-0.06,1.3936,-0.07,0.92,277356000.0,-13228000.0,264128000.0,0.5238,0.4127,VNO
2017-09-30 00:00:00,1814144000.0,791975000.0,1022169100.0,132719000.0,692708900.0,-138879000.0,297035000.0,553830000.0,849000.0,552981000.0,785879000.0,4.15,0.5634,0.3818,0.3053,0.4332,0.1633,1202505900.0,692708800.0,2.36,1.79,4.8434,1.8,2.36,552981000.0,362140000.0,915121100.0,0.6629,0.5977,VNO
2017-06-30 00:00:00,1788142000.0,780450000.0,1007692100.0,132017000.0,678934900.0,-83382000.0,291688000.0,595553000.0,4224000.0,591329000.0,881030000.0,4.65,0.5635,0.3797,0.3331,0.4927,0.0644,1216780000.0,678934800.0,2.5,2.15,5.4327,2.16,2.5,591329000.0,435150000.0,1026479100.0,0.6805,0.555,VNO
2017-03-31 00:00:00,1898763000.0,809628000.0,1089135100.0,142176000.0,711938900.0,22867000.0,312475000.0,734806000.0,6943000.0,727863000.0,985521000.0,5.21,0.5736,0.3749,0.387,0.519,0.0367,1255293000.0,711938800.0,3.13,2.07,6.0757,2.08,3.14,727863000.0,419514000.0,1147377100.0,0.6611,0.5397,VNO
2016-12-31 00:00:00,2003742000.0,844566000.0,1159176100.0,143643000.0,579845900.0,5087000.0,330240000.0,584933000.0,7923000.0,577010000.0,823606000.0,4.35,0.5785,0.2894,0.2919,0.411,0.0005,1121914000.0,579845800.0,2.34,2.0,5.1998,2.01,2.35,577010000.0,404912000.0,981922100.0,0.5599,0.4966,VNO
2016-09-30 00:00:00,1872306900.0,786016000.0,1086291000.0,143270000.0,401864000.0,-33710000.0,315974000.0,368154000.0,8736000.0,359418000.0,403167000.0,2.13,0.5802,0.2146,0.1966,0.2153,-0.0627,918806000.0,401864100.0,1.13,0.9919,2.9739,1.0019,1.14,359418000.0,201504000.0,560922000.0,0.4907,0.4278,VNO
2016-06-30 00:00:00,1997149900.0,828815000.0,1168335000.0,145843000.0,444843000.0,46857000.0,331597000.0,491700000.0,7029000.0,484671000.0,535912000.0,2.83,0.585,0.2227,0.2462,0.2683,-0.04,954916900.0,444843100.0,1.78,1.0419,3.6892,1.0519,1.79,484671000.0,210887000.0,695558000.0,0.4781,0.4037,VNO
2016-03-31 00:00:00,1991729900.0,826367000.0,1165363000.0,139468000.0,451420000.0,-100044000.0,318113000.0,351376000.0,-83152000.0,434528000.0,481100000.0,2.54,0.5851,0.2266,0.1764,0.2415,-0.0453,953356900.0,451420100.0,1.5,1.03,3.411,1.04,1.51,434528000.0,208048000.0,642576000.0,0.4787,0.3761,VNO
2015-12-31 00:00:00,1985494900.0,824511000.0,1160984000.0,149256000.0,619414000.0,-68507000.0,309298000.0,550907000.0,-85012000.0,635919000.0,679856000.0,3.6,0.5847,0.312,0.2775,0.3424,-0.053,1106567900.0,619414100.0,2.48,1.11,4.5628,1.12,2.49,635919000.0,223511000.0,859430000.0,0.5573,0.3385,VNO
2015-09-30 00:00:00,2447696000.0,1000308000.0,1447388000.0,174744000.0,725789900.0,-174042000.0,390823000.0,551748000.0,-81747000.0,633495000.0,962352000.0,5.11,0.5913,0.2965,0.2254,0.3932,-0.0328,1245691900.0,725789800.0,2.5,2.5881,6.1279,2.6081,2.51,633495000.0,518377000.0,1151872000.0,0.5089,0.3065,VNO
2015-06-30 00:00:00,2398810000.0,983835000.0,1414975000.0,178971000.0,716488900.0,-278693000.0,396296000.0,437796000.0,-81951000.0,519747000.0,894641000.0,4.76,0.5899,0.2987,0.1825,0.373,0.0126,1234357900.0,716488800.0,1.9,2.8281,5.7816,2.8481,1.92,519747000.0,566082000.0,1085829000.0,0.5146,0.3636,VNO
2015-03-31 00:00:00,2356933000.0,971543000.0,1385390000.0,180260000.0,712365900.0,-260238000.0,408117000.0,452128000.0,9401000.0,442727000.0,805632000.0,4.29,0.5878,0.3022,0.1918,0.3418,0.0842,1225620900.0,712365800.0,1.3,2.97,5.5216,2.99,1.31,442727000.0,593389000.0,1036116000.0,0.52,0.4331,VNO
2014-12-31 00:00:00,2312512000.0,953611000.0,1358901000.0,169270000.0,689892800.0,-257262000.0,412755000.0,432631000.0,9281000.0,423350000.0,783388000.0,4.17,0.5876,0.2983,0.1871,0.3388,0.1349,1226514800.0,689892700.0,1.22,2.93,5.3794,2.95,1.23,423350000.0,585676000.0,1009026000.0,0.5304,0.4909,VNO
2014-09-30 00:00:00,1955760000.0,851367000.0,1104393000.0,159859000.0,495991800.0,-495156900.0,366145000.0,835000.0,-8106000.0,8941000.0,201263000.0,1.07,0.5647,0.2536,0.0004,0.1029,0.0661,1017501800.0,495991800.0,-0.87,1.93,2.1003,1.94,-0.86,8941000.0,385340000.0,394281000.0,0.5203,0.5521,VNO
2014-06-30 00:00:00,2046039000.0,876294000.0,1169745000.0,163661000.0,548703800.0,-527354900.0,385004000.0,21349000.0,-8536000.0,29885000.0,153109000.0,0.81,0.5717,0.2682,0.0104,0.0748,0.0942,1062256800.0,548703800.0,-0.82,1.63,1.906,1.64,-0.82,29885000.0,327450000.0,357335000.0,0.5192,0.5101,VNO
2014-03-31 00:00:00,2142844000.0,920215000.0,1222629000.0,173488000.0,569497800.0,-574266900.0,401748000.0,-4769000.0,-8939000.0,4170000.0,222393000.0,1.18,0.5706,0.2658,-0.0022,0.1038,0.072,1088241800.0,569497800.0,-0.66,1.84,1.9978,1.85,-0.66,4170000.0,369799000.0,373969000.0,0.5078,0.4363,VNO
2013-12-31 00:00:00,2299176000.0,960775000.0,1338401000.0,177366000.0,674550900.0,-686622900.0,425782000.0,-12072000.0,-8717000.0,-3355000.0,392034000.0,2.09,0.5821,0.2934,-0.0053,0.1705,0.1353,1183672900.0,674550900.0,-0.75,2.84,3.0209,2.85,-0.75,-3355000.0,568095000.0,564740000.0,0.5148,0.4527,VNO
2013-09-30 00:00:00,2657859100.0,1103087000.0,1554772100.0,185402000.0,838639000.0,-419354000.0,471764000.0,419285000.0,-3015000.0,422300000.0,523554000.0,2.8,0.585,0.3155,0.1578,0.197,0.2508,1341762000.0,838639000.0,1.42,1.38,3.7213,1.37,1.42,422300000.0,273092000.0,695392000.0,0.5048,0.4154,VNO
2013-06-30 00:00:00,2691922100.0,1170015000.0,1521907100.0,189672000.0,803130000.0,-385313000.0,471418000.0,417817000.0,-2222000.0,420039000.0,672942000.0,3.61,0.5654,0.2983,0.1552,0.25,0.2178,1308631000.0,803130000.0,1.53,2.07,4.4348,2.06,1.54,420039000.0,407258000.0,827297000.0,0.4861,0.3737,VNO
2013-03-31 00:00:00,2698689100.0,1193116000.0,1505573100.0,186199000.0,795868000.0,-446119000.0,475081000.0,349749000.0,2380000.0,347369000.0,547526000.0,2.94,0.5579,0.2949,0.1296,0.2029,0.2009,1300009000.0,795868000.0,1.12,1.81,3.7731,1.8,1.13,347369000.0,355835000.0,703204000.0,0.4817,0.3457,VNO
2012-12-31 00:00:00,2649217100.0,1215502000.0,1433715100.0,190109000.0,727792000.0,-245564000.0,484794000.0,482228000.0,8132000.0,474096000.0,549271000.0,2.96,0.5412,0.2747,0.182,0.2073,0.1746,1231321000.0,727792000.0,1.82,1.12,3.7379,1.12,1.83,474096000.0,220445000.0,694541000.0,0.4648,0.3114,VNO
