Date,Revenue,Cost of Revenue,Gross Profit,R&D Expenses,SG&A Expenses,Operating Income,Interest Expense (Operating),Non-operating Income/Expense,Non-operating Interest Expenses,EBT,Income Tax Provision,Income after Tax,Net Income Common,EPS (Basic),Gross Margin,EBIT Margin,EBT margin,Net Profit Margin,Free Cash Flow Margin,EBITDA,EBIT,"EPS (Diluted, from Cont. Ops)","EPS (Diluted, from Disc. Ops)","EPS (Basic, Consolidated)","EPS (Basic, from Discontinued Ops)","EPS (Basic, from Continuous Ops)",Income from Continuous Operations,Income from Discontinued Operations,Consolidated Net Income/Loss,EBITDA Margin,Operating Cash Flow Margin,Ticker
2022-09-30 00:00:00,8560000000.0,1044000000.0,7517000000.0,2631000000.0,932500000.0,4151600200.0,59000000.0,362000000.0,60000000.0,4026000000.0,754000000.0,3273199800.0,3274000000.0,12.68,0.8782,0.485,0.4703,0.3825,0.4456,4097000000.0,4151600100.0,12.6545,,12.7913,,12.7913,3273199800.0,,3274000000.0,0.4786,0.4728,VRTX
2022-06-30 00:00:00,8280000000.0,992000000.0,7290000000.0,2451000000.0,883700000.0,4079400200.0,60000000.0,217000000.0,15000000.0,3933000000.0,739000000.0,3194599800.0,3195000000.0,12.37,0.8804,0.4927,0.475,0.3859,0.4574,4094000000.0,4079400100.0,12.3491,,12.4668,,12.4668,3194599800.0,,3195000000.0,0.4944,0.4853,VRTX
2022-03-31 00:00:00,7922400000.0,958000000.0,6966400000.0,2237700000.0,863000000.0,2935200200.0,60000000.0,107700000.0,19500000.0,2864800000.0,413800000.0,2451099800.0,2451000000.0,9.5,0.8793,0.3705,0.3616,0.3094,0.3093,3038400000.0,2935200100.0,9.4728,,9.5582,,9.5582,2451099800.0,,2451000000.0,0.3835,0.3381,VRTX
2021-12-31 00:00:00,7569700000.0,904300000.0,6666400000.0,2090700000.0,839900000.0,2782100200.0,61000000.0,-67200000.0,33200000.0,2730700000.0,388600000.0,2342099800.0,2342100000.0,9.06,0.8807,0.3675,0.3607,0.3094,0.3181,2906000000.0,2782100100.0,9.0115,,9.0884,,9.0884,2342099800.0,,2342100000.0,0.3839,0.3492,VRTX
2021-09-30 00:00:00,7134537000.0,860401000.0,6275136000.0,1865246900.0,796587000.0,2650202200.0,62000000.0,15723000.0,48537000.0,2748424800.0,572082000.0,2176243000.0,2176342900.0,8.38,0.8795,0.3715,0.3852,0.305,0.269,2778142200.0,2650202100.0,8.3323,,8.4094,,8.4094,2176243000.0,,2176342900.0,0.3894,0.2999,VRTX
2021-06-30 00:00:00,6683808000.0,809583000.0,5874225000.0,1864743900.0,783138000.0,2267943200.0,61000000.0,143353000.0,61393000.0,2411295800.0,419519000.0,1991777000.0,1991776900.0,7.66,0.8789,0.3393,0.3608,0.298,0.2659,2384025300.0,2267943100.0,7.5794,,7.6694,,7.6694,1991777000.0,,1991776900.0,0.3567,0.3173,VRTX
2021-03-31 00:00:00,6414893000.0,766103000.0,5648790000.0,1836971900.0,780342000.0,3023876200.0,60000000.0,256390000.0,59764000.0,3280265800.0,518219000.0,2762047000.0,2762046900.0,10.62,0.8806,0.4714,0.5114,0.4306,0.4751,3135355300.0,3023876100.0,10.5014,,10.6355,,10.6355,2762047000.0,,2762046900.0,0.4888,0.5236,VRTX
2020-12-31 00:00:00,6205700000.0,736300000.0,5469400000.0,1829499900.0,770500000.0,2856300300.0,58000000.0,260600000.0,58200000.0,3116899800.0,405200000.0,2711700000.0,2711699900.0,10.42,0.8814,0.4603,0.5023,0.437,0.4824,2965800300.0,2856300200.0,10.2951,,10.4377,,10.4377,2711700000.0,,2711699900.0,0.4779,0.5243,VRTX
2020-09-30 00:00:00,5991107000.0,718253000.0,5272854000.0,1842924000.0,753892000.0,2661896600.0,56000000.0,243209000.0,56110000.0,2905106000.0,214425000.0,2690681100.0,2690681100.0,10.36,0.8801,0.4443,0.4849,0.4491,0.4973,2768271600.0,2661896800.0,10.2249,,10.3738,,10.3738,2690681100.0,,2690681100.0,0.4621,0.5355,VRTX
2020-06-30 00:00:00,5402664000.0,663985000.0,4738679000.0,1905375000.0,729015000.0,2088988600.0,,140912000.0,56802000.0,2229901000.0,149136000.0,2080765100.0,2080765100.0,8.02,0.8771,0.3867,0.4127,0.3851,0.4732,2194568500.0,2088988800.0,7.9183,,8.0345,,8.0345,2080765100.0,,2080765100.0,0.4062,0.4877,VRTX
2020-03-31 00:00:00,4819472000.0,615205000.0,4204267000.0,1863538000.0,693713000.0,1640915600.0,,91353000.0,57768000.0,1732269000.0,221347000.0,1510922100.0,1510922100.0,5.84,0.8724,0.3405,0.3594,0.3135,0.4115,1747496500.0,1640915800.0,5.7689,,5.8537,,5.8537,1510922100.0,,1510922100.0,0.3626,0.4275,VRTX
2019-12-31 00:00:00,4162800000.0,547800000.0,3615000000.0,1754500000.0,658500000.0,1197499500.0,,197400000.0,58500000.0,1394900000.0,218100000.0,1176800100.0,1176800100.0,4.57,0.8684,0.2877,0.3351,0.2827,0.3589,1304399500.0,1197499700.0,4.514,,4.5844,,4.5844,1176800100.0,,1176800100.0,0.3133,0.377,VRTX
2019-09-30 00:00:00,3619662000.0,485035000.0,3134627000.0,1712410000.0,616431100.0,773823300.0,,-23357000.0,62997000.0,750466000.0,-1368206000.0,2118672000.0,2144103000.0,8.39,0.866,0.2138,0.2073,0.5923,0.3767,873334300.0,773823200.0,8.1639,,8.3129,,8.3129,2118672000.0,,2118672000.0,0.2413,0.3972,VRTX
2019-06-30 00:00:00,3454369000.0,464376000.0,2989993000.0,1486972000.0,594052100.0,880139300.0,,-63828000.0,67135000.0,816311000.0,-1373299000.0,2189610000.0,2215331000.0,8.68,0.8656,0.2548,0.2363,0.6413,0.4092,972995300.0,880139200.0,8.4376,,8.5929,,8.5929,2189610000.0,,2189610000.0,0.2817,0.4297,VRTX
2019-03-31 00:00:00,3265233000.0,433018000.0,2832215000.0,1445413000.0,574853100.0,783057300.0,,-77293000.0,70453000.0,705764000.0,-1422669000.0,2128433000.0,2155264000.0,8.46,0.8674,0.2398,0.2161,0.6601,0.3853,866274300.0,783057200.0,8.2059,,8.3605,,8.3605,2128433000.0,,2128433000.0,0.2653,0.4111,VRTX
2018-12-31 00:00:00,3047597000.0,409539000.0,2638058000.0,1416476000.0,557616100.0,635150300.0,,-34909000.0,72471000.0,600241000.0,-1486862000.0,2087103000.0,2096896000.0,8.24,0.8656,0.2084,0.197,0.688,0.3855,707570300.0,635150200.0,8.0526,,8.2075,,8.2075,2087103000.0,,2087103000.0,0.2322,0.4168,VRTX
2018-09-30 00:00:00,2829125000.0,371302000.0,2457823000.0,1285259000.0,539200000.0,633164800.0,,47021000.0,78022000.0,680186000.0,15994000.0,664192000.0,647053000.0,2.56,0.8688,0.2238,0.2404,0.2287,0.3748,703190800.0,633164900.0,2.5697,,2.6049,,2.6049,664192000.0,,664192000.0,0.2486,0.4182,VRTX
2018-06-30 00:00:00,2622755000.0,332921000.0,2289834000.0,1409696000.0,522615000.0,101472800.0,,25032000.0,72910000.0,126505000.0,-117964000.0,244469000.0,415355000.0,1.64,0.8731,0.0387,0.0482,0.1584,0.3211,167531800.0,101472900.0,0.9114,,0.9372,,0.9372,244469000.0,,244469000.0,0.0639,0.3706,VRTX
2018-03-31 00:00:00,2414733000.0,299744000.0,2114989000.0,1361615000.0,512561000.0,-18698200.0,,-35882000.0,69419000.0,-54580000.0,-123968000.0,69388000.0,225991000.0,0.89,0.8759,-0.0077,-0.0226,0.0936,0.2958,44191800.0,-18698100.0,0.2377,,0.2515,,0.2515,69388000.0,,69388000.0,0.0183,0.3445,VRTX
2017-12-31 00:00:00,2488652000.0,275119000.0,2213533000.0,1324625000.0,496079000.0,123242800.0,,-138932000.0,69298000.0,-15689000.0,-107324000.0,91635000.0,263484000.0,1.07,0.8895,0.0495,-0.0063,0.1059,0.2996,184639800.0,123242900.0,0.3619,,0.3682,,0.3682,91635000.0,,91635000.0,0.0742,0.3395,VRTX
2017-09-30 00:00:00,2295724000.0,251549000.0,2044175000.0,1266413000.0,471193000.0,37146200.0,,-144971000.0,65442000.0,-107825000.0,-125034000.0,17209000.0,195745000.0,0.8,0.8904,0.0162,-0.047,0.0853,0.301,97562200.0,37146200.0,0.0774,,0.0903,,0.0903,17209000.0,,17209000.0,0.0425,0.332,VRTX
2017-06-30 00:00:00,2131342000.0,232752000.0,1898590000.0,1083836000.0,456538000.0,344462200.0,,-74151000.0,72008000.0,270311000.0,1372000.0,268939000.0,259856000.0,1.04,0.8908,0.1616,0.1268,0.1219,0.2818,404222200.0,344462200.0,1.0798,,1.0927,,1.0927,268939000.0,,268939000.0,0.1897,0.3086,VRTX
2017-03-31 00:00:00,2018815000.0,206799000.0,1812016000.0,1065393000.0,440941000.0,295108200.0,,-78324000.0,77499000.0,216784000.0,15165000.0,201619000.0,177335000.0,0.71,0.8976,0.1462,0.1074,0.0878,0.2285,354941200.0,295108200.0,0.808,,0.8189,,0.8189,201619000.0,,201619000.0,0.1758,0.2561,VRTX
2016-12-31 00:00:00,1702177000.0,210460000.0,1491717000.0,1047690000.0,432829000.0,9936200.0,,-77302000.0,81432000.0,-67366000.0,16665000.0,-84031000.0,-112052000.0,-0.47,0.8764,0.0058,-0.0396,-0.0658,0.1055,71334200.0,9936200.0,-0.3435,,-0.3435,,-0.3435,-84031000.0,,-84031000.0,0.0419,0.1387,VRTX
2016-09-30 00:00:00,1661406000.0,213363000.0,1448043000.0,1109419000.0,419470000.0,-83408000.0,,-80312000.0,81647000.0,-163720000.0,22739000.0,-186459000.0,-218728000.0,-0.91,0.8716,-0.0502,-0.0985,-0.1317,0.0399,-21714000.0,-83408100.0,-0.7595,,-0.7595,,-0.7595,-186459000.0,,-186459000.0,-0.0131,0.0725,VRTX
2016-06-30 00:00:00,1557439000.0,191246000.0,1366193000.0,1083333000.0,413187000.0,-134707000.0,,-82465000.0,82641000.0,-217172000.0,23566000.0,-240738000.0,-275036000.0,-1.13,0.8772,-0.0865,-0.1394,-0.1766,-0.0362,-71414000.0,-134707100.0,-0.9858,,-0.9858,,-0.9858,-240738000.0,,-240738000.0,-0.0459,-0.0046,VRTX
2016-03-31 00:00:00,1291907000.0,162854000.0,1129053000.0,1036183000.0,395929000.0,-309224000.0,,-80788000.0,83597000.0,-390012000.0,35567000.0,-425579000.0,-399359000.0,-1.65,0.8739,-0.2394,-0.3019,-0.3091,-0.1587,-246829000.0,-309224100.0,-1.7558,,-1.7558,,-1.7558,-425579000.0,,-425579000.0,-0.1911,-0.1226,VRTX
2015-12-31 00:00:00,1032336000.0,124512000.0,907824000.0,995922000.0,376575000.0,-466879000.0,,-90921000.0,84206000.0,-557800000.0,30381000.0,-588181000.0,-556334000.0,-2.31,0.8794,-0.4523,-0.5403,-0.5389,-0.3979,-404536000.0,-466879100.0,-2.4374,,-2.4374,,-2.4374,-588181000.0,,-588181000.0,-0.3919,-0.354,VRTX
2015-09-30 00:00:00,758957000.0,75154000.0,683803000.0,887204000.0,358553000.0,-566800100.0,,-93546000.0,84729000.0,-660346000.0,33803000.0,-694149100.0,-659259000.0,-2.74,0.901,-0.7468,-0.8701,-0.8686,-0.8219,-503868100.0,-566800100.0,-2.8753,,-2.8918,,-2.8753,-694149100.0,,-694358000.0,-0.6639,-0.7594,VRTX
2015-06-30 00:00:00,628128000.0,57378000.0,570750000.0,831859000.0,334005000.0,-638977100.0,,-95460000.0,83979000.0,-734437000.0,35892000.0,-770329100.0,-734170000.0,-3.07,0.9087,-1.0173,-1.1692,-1.1688,-1.0346,-575252100.0,-638977100.0,-3.2076,,-3.2243,,-3.2076,-770329100.0,,-770602000.0,-0.9158,-0.9583,VRTX
2015-03-31 00:00:00,600473000.0,57818000.0,542655000.0,832488000.0,317057000.0,-648355100.0,,-53617000.0,78453000.0,-701972000.0,6454000.0,-708426100.0,-704704000.0,-2.97,0.9037,-1.0797,-1.169,-1.1736,-1.1088,-584523100.0,-648355100.0,-2.9697,,-2.9881,,-2.9697,-708426100.0,,-708992000.0,-0.9734,-1.0318,VRTX
2014-12-31 00:00:00,580415000.0,60987000.0,519428000.0,855506000.0,305409000.0,-692412100.0,,-42463000.0,72863000.0,-734875000.0,6958000.0,-741833100.0,-738555000.0,-3.14,0.8949,-1.193,-1.2661,-1.2725,-1.0756,-629155100.0,-692412100.0,-3.14,-0.004,-3.1566,-0.004,-3.14,-741833100.0,-912000.0,-742745000.0,-1.084,-0.9874,VRTX
2014-09-30 00:00:00,787016000.0,69224000.0,717792000.0,876147900.0,297243000.0,-530018100.0,,-26956000.0,64501000.0,-556974000.0,12050000.0,-569024000.0,-517614000.0,-2.21,0.912,-0.6735,-0.7077,-0.6577,-0.5369,-465466100.0,-530018000.0,-2.3808,0.2669,-3.1895,0.2669,-2.3808,-569024000.0,-181954000.0,-750977900.0,-0.5914,-0.4721,VRTX
2014-06-30 00:00:00,829729000.0,82379000.0,747350000.0,904650900.0,308446000.0,-511371100.0,,2074000.0,44212000.0,-509297000.0,11186000.0,-520483000.0,-471686000.0,-2.03,0.9007,-0.6163,-0.6138,-0.5685,-0.4313,-454291100.0,-511371000.0,-2.1908,0.2572,-3.0078,0.2572,-2.1908,-520483000.0,-184567000.0,-705049900.0,-0.5475,-0.3587,VRTX
2014-03-31 00:00:00,1002058000.0,103010000.0,899048000.0,902618900.0,337521000.0,-387762100.0,,-26650000.0,35178000.0,-414412000.0,8694000.0,-423106000.0,-369469000.0,-1.61,0.8972,-0.387,-0.4136,-0.3687,-0.2205,-334300100.0,-387762000.0,-1.7887,,-2.604,,-1.7887,-423106000.0,,-607379900.0,-0.3336,-0.1703,VRTX
2013-12-31 00:00:00,1211975000.0,130277000.0,1081698000.0,882096900.0,356188000.0,-610008100.0,,-16036000.0,22926000.0,-626044000.0,-122422000.0,-503622000.0,-445028000.0,-2.04,0.8925,-0.5033,-0.5165,-0.3672,-0.0925,-561643100.0,-610008000.0,-2.2399,,-3.057,,-2.2399,-503622000.0,,-687549900.0,-0.4634,-0.0501,VRTX
2013-09-30 00:00:00,1194812000.0,195728000.0,999084000.0,832821000.0,392164000.0,-651858000.0,,-9888000.0,21770000.0,-661746000.0,-171282000.0,-490464000.0,-564555000.0,-2.58,0.8362,-0.5456,-0.5538,-0.4725,-0.0877,-608751000.0,-651858100.0,-2.223,,-2.6444,,-2.2446,-490464000.0,,-576547000.0,-0.5095,-0.0334,VRTX
2013-06-30 00:00:00,1309118000.0,206925000.0,1102193000.0,813540000.0,403421000.0,-529373000.0,,-18585000.0,28734000.0,-547958000.0,-152482000.0,-395476000.0,-497966000.0,-2.31,0.8419,-0.4044,-0.4186,-0.3804,0.0091,-487162000.0,-529373100.0,-1.8168,,-2.2297,,-1.8384,-395476000.0,,-478882000.0,-0.3721,0.061,VRTX
2013-03-31 00:00:00,1416673000.0,283417000.0,1133256000.0,787629000.0,414414000.0,-483210000.0,,-15642000.0,29145000.0,-498852000.0,-130620000.0,-368232000.0,-505732000.0,-2.36,0.7999,-0.3411,-0.3521,-0.357,0.083,-442888000.0,-483210100.0,-1.702,,-2.1149,,-1.7236,-368232000.0,,-451638000.0,-0.3126,0.1406,VRTX
2012-12-31 00:00:00,1527042000.0,279885000.0,1247157000.0,765905000.0,432681000.0,46727000.0,,-14731000.0,,31996000.0,-275000.0,32271000.0,-107032000.0,-0.49,0.8167,0.0306,0.021,-0.0701,0.1288,84918000.0,46726900.0,0.15,,-0.2413,,0.15,32271000.0,,-51135000.0,0.0556,0.1754,VRTX
