Date,Revenue,Cost of Revenue,Gross Profit,R&D Expenses,SG&A Expenses,Operating Income,Interest Expense (Operating),Non-operating Income/Expense,Non-operating Interest Expenses,EBT,Income Tax Provision,Income after Tax,Net Income Common,EPS (Basic),Gross Margin,EBIT Margin,EBT margin,Net Profit Margin,Free Cash Flow Margin,EBITDA,EBIT,"EPS (Diluted, from Cont. Ops)","EPS (Basic, Consolidated)","EPS (Basic, from Continuous Ops)",Income from Continuous Operations,Consolidated Net Income/Loss,EBITDA Margin,Operating Cash Flow Margin,Ticker
2022-09-30 00:00:00,2949895000.0,1250157000.0,1699738000.0,171244000.0,656783000.0,849312000.0,45782000.0,-6383000.0,9410000.0,814670000.0,117738000.0,696932000.0,696932000.0,11.46,0.5762,0.2879,0.2762,0.2363,0.1576,1004570000.0,849312000.0,11.4522,11.5191,11.5191,696932000.0,696932000.0,0.3405,0.2139,WAT
2022-06-30 00:00:00,2900573000.0,1215994000.0,1684579000.0,169795000.0,644911000.0,849117100.0,44443000.0,546000.0,9062000.0,813964000.0,111845000.0,702119000.0,702119000.0,11.46,0.5808,0.2927,0.2806,0.2421,0.1643,1003701000.0,849117100.0,11.4602,11.5374,11.5374,702119000.0,702119000.0,0.346,0.2209,WAT
2022-03-31 00:00:00,2867901000.0,1188802000.0,1679099000.0,170738000.0,641247000.0,845907100.0,45051000.0,1229000.0,18563000.0,819104000.0,114557000.0,704547000.0,704547000.0,11.45,0.5855,0.295,0.2856,0.2457,0.1972,998293000.0,845907100.0,11.427,11.5111,11.5111,704547000.0,704547000.0,0.3481,0.2534,WAT
2021-12-31 00:00:00,2785874000.0,1157579000.0,1628295000.0,168358000.0,626968000.0,821707100.0,44938000.0,2786000.0,27395000.0,806193000.0,113350000.0,692843000.0,692843000.0,11.21,0.5845,0.295,0.2894,0.2487,0.2078,961000000.0,821707100.0,11.1698,11.252,11.252,692843000.0,692843000.0,0.345,0.2682,WAT
2021-09-30 00:00:00,2736083100.0,1126150000.0,1609933100.0,164689000.0,607038000.0,823218100.0,45112000.0,-3402000.0,36579000.0,811124000.0,116209000.0,694915000.0,694915000.0,11.2,0.5884,0.3009,0.2965,0.254,0.2289,957121000.0,823218000.0,11.1507,11.228,11.228,694915000.0,694915000.0,0.3498,0.2912,WAT
2021-06-30 00:00:00,2670634100.0,1117312000.0,1553322100.0,157674000.0,589923000.0,789787100.0,44946000.0,-10901000.0,44946000.0,778886000.0,118387000.0,660499000.0,660499000.0,10.64,0.5816,0.2957,0.2916,0.2473,0.2405,919688000.0,789787000.0,10.5809,10.6457,10.6457,660499000.0,660499000.0,0.3444,0.3001,WAT
2021-03-31 00:00:00,2508971100.0,1050192000.0,1458779100.0,143880000.0,549159000.0,748479100.0,45937000.0,-21644000.0,45937000.0,726835000.0,110699000.0,616136000.0,616136000.0,9.91,0.5814,0.2983,0.2897,0.2456,0.2756,876008000.0,748479000.0,9.8664,9.9182,9.9182,616136000.0,616136000.0,0.3492,0.3417,WAT
2020-12-31 00:00:00,2365365100.0,1006689000.0,1358676100.0,140777000.0,553698000.0,645489100.0,49070000.0,-34575000.0,49070000.0,610914000.0,89343000.0,521571000.0,521571000.0,8.39,0.5744,0.2729,0.2583,0.2205,0.2613,770850000.0,645489000.0,8.3567,8.3997,8.3997,521571000.0,521571000.0,0.3259,0.3342,WAT
2020-09-30 00:00:00,2295000900.0,985188000.0,1309812900.0,138187000.0,541822000.0,618194800.0,52235000.0,-40144000.0,52235000.0,578051000.0,74122000.0,503929000.0,503929000.0,8.03,0.5707,0.2694,0.2519,0.2196,0.2335,734262800.0,618194900.0,7.9026,7.9477,7.9477,503929000.0,503929000.0,0.3199,0.3115,WAT
2020-06-30 00:00:00,2278494900.0,963901000.0,1314593900.0,137549000.0,532428000.0,633045800.0,,-40694000.0,52776000.0,592352000.0,77059000.0,515293000.0,515293000.0,8.08,0.577,0.2778,0.26,0.2262,0.2173,744929800.0,633045900.0,7.9368,7.9889,7.9889,515293000.0,515293000.0,0.3269,0.3032,WAT
2020-03-31 00:00:00,2357672900.0,1000313000.0,1357359900.0,142884000.0,548187000.0,655585800.0,,-36862000.0,51206000.0,618724000.0,81950000.0,536774000.0,536774000.0,8.19,0.5757,0.2781,0.2624,0.2277,0.1822,765305800.0,655585900.0,8.0379,8.0976,8.0976,536774000.0,536774000.0,0.3246,0.2625,WAT
2019-12-31 00:00:00,2406595900.0,1010700000.0,1395895900.0,142955000.0,534791000.0,708456800.0,,-30218000.0,48690000.0,678239000.0,86041000.0,592198000.0,592198000.0,8.85,0.58,0.2944,0.2818,0.2461,0.1991,813752800.0,708456900.0,8.6876,8.7568,8.7568,592198000.0,592198000.0,0.3381,0.2672,WAT
2019-09-30 00:00:00,2405321000.0,998501000.0,1406820000.0,143989000.0,536436000.0,716572100.0,,-64915000.0,46143000.0,651657000.0,74976000.0,576681000.0,576681000.0,8.18,0.5849,0.2979,0.2709,0.2398,0.2171,822488100.0,716572100.0,8.0849,8.1505,8.1505,576681000.0,576681000.0,0.3419,0.2631,WAT
2019-06-30 00:00:00,2406064000.0,998585000.0,1407479000.0,144829000.0,537397000.0,715011100.0,,-58862000.0,46122000.0,656149000.0,76587000.0,579562000.0,579562000.0,7.93,0.585,0.2972,0.2727,0.2409,0.2104,821198100.0,715011100.0,7.8441,7.9062,7.9062,579562000.0,579562000.0,0.3413,0.2621,WAT
2019-03-31 00:00:00,2403121000.0,992174000.0,1410947000.0,143983000.0,540834000.0,716550100.0,,-57575000.0,46366000.0,658975000.0,68146000.0,590829000.0,590829000.0,7.84,0.5871,0.2982,0.2742,0.2459,0.2075,821082100.0,716550100.0,7.7508,7.8131,7.8131,590829000.0,590829000.0,0.3417,0.2515,WAT
2018-12-31 00:00:00,2419929000.0,992564000.0,1427365000.0,143403000.0,536902000.0,739774100.0,,-57628000.0,48641000.0,682146000.0,88352000.0,593794000.0,593794000.0,7.74,0.5898,0.3057,0.2819,0.2454,0.2101,848182100.0,739774100.0,7.6502,7.7124,7.7124,593794000.0,593794000.0,0.3505,0.2498,WAT
2018-09-30 00:00:00,2392184900.0,976148000.0,1416036900.0,140419000.0,542440000.0,725816000.0,,-15738000.0,52246000.0,710078000.0,654608000.0,55470000.0,55470000.0,0.82,0.5919,0.3034,0.2968,0.0232,0.2045,836380000.0,725816000.0,0.8396,0.8414,0.8414,55470000.0,55470000.0,0.3496,0.2571,WAT
2018-06-30 00:00:00,2379747900.0,970901000.0,1408846900.0,139028000.0,550649000.0,713164000.0,,-18516000.0,55561000.0,694648000.0,644088000.0,50560000.0,50560000.0,0.69,0.592,0.2997,0.2919,0.0212,0.2252,822597000.0,713164000.0,0.7018,0.7073,0.7073,50560000.0,50560000.0,0.3457,0.2618,WAT
2018-03-31 00:00:00,2341778900.0,957393000.0,1384385900.0,136321000.0,544097000.0,687853000.0,,-19694000.0,57952000.0,668159000.0,641454000.0,26705000.0,26705000.0,0.34,0.5912,0.2937,0.2853,0.0114,0.2628,799545000.0,687853000.0,0.3494,0.3554,0.3554,26705000.0,26705000.0,0.3414,0.2986,WAT
2017-12-31 00:00:00,2309077900.0,947067000.0,1362010900.0,132593000.0,544363000.0,662198000.0,,-21101000.0,56839000.0,641097000.0,620786000.0,20311000.0,20311000.0,0.24,0.5899,0.2868,0.2776,0.0088,0.2629,768200000.0,662198000.0,0.2519,0.2545,0.2545,20311000.0,20311000.0,0.3327,0.3021,WAT
2017-09-30 00:00:00,2250590000.0,928193000.0,1322397000.0,130224000.0,525510000.0,640659000.0,,-22721000.0,53660000.0,617938000.0,70077000.0,547861000.0,547861000.0,6.85,0.5876,0.2847,0.2746,0.2434,0.265,742993000.0,640659100.0,6.7793,6.8377,6.8377,547861000.0,547861000.0,0.3301,0.3019,WAT
2017-06-30 00:00:00,2211836000.0,910645000.0,1301191000.0,126860000.0,514165000.0,633368000.0,,-23780000.0,50617000.0,609588000.0,72975000.0,536613000.0,536613000.0,6.69,0.5883,0.2864,0.2756,0.2426,0.2664,734145000.0,633368100.0,6.6231,6.6779,6.6779,536613000.0,536613000.0,0.3319,0.3046,WAT
2017-03-31 00:00:00,2190146000.0,901397000.0,1288749000.0,126501000.0,513653000.0,631097000.0,,-24126000.0,47517000.0,606971000.0,73963000.0,533008000.0,533008000.0,6.63,0.5884,0.2882,0.2771,0.2434,0.261,727065000.0,631097100.0,6.5649,6.6165,6.6165,533008000.0,533008000.0,0.332,0.2994,WAT
2016-12-31 00:00:00,2167423000.0,891453000.0,1275970000.0,125187000.0,512331000.0,625039000.0,,-24925000.0,44911000.0,600114000.0,78611000.0,521503000.0,521503000.0,6.47,0.5887,0.2884,0.2769,0.2406,0.2547,721488000.0,625039100.0,6.4053,6.4554,6.4554,521503000.0,521503000.0,0.3329,0.2966,WAT
2016-09-30 00:00:00,2125246000.0,877789000.0,1247457100.0,120770000.0,511474000.0,597312200.0,,-24539000.0,42014000.0,572773000.0,74594000.0,498179000.0,498179000.0,6.15,0.587,0.2811,0.2695,0.2344,0.2462,692768200.0,597312200.0,6.0813,6.1343,6.1343,498179000.0,498179000.0,0.326,0.2991,WAT
2016-06-30 00:00:00,2098994000.0,866249000.0,1232745100.0,121055000.0,512268000.0,581424200.0,,-24539000.0,39324000.0,556885000.0,67281000.0,489604000.0,489604000.0,6.02,0.5873,0.277,0.2653,0.2333,0.2424,674350200.0,581424200.0,5.9518,6.0041,6.0041,489604000.0,489604000.0,0.3213,0.2983,WAT
2016-03-31 00:00:00,2057174000.0,854577000.0,1202597100.0,119032000.0,505347000.0,560131200.0,,-24929000.0,37387000.0,535202000.0,68158000.0,467044000.0,467044000.0,5.71,0.5846,0.2723,0.2602,0.227,0.2343,651000200.0,560131200.0,5.6456,5.697,5.697,467044000.0,467044000.0,0.3165,0.282,WAT
2015-12-31 00:00:00,2042332000.0,842672000.0,1199660100.0,118545000.0,495747000.0,567451200.0,,-25532000.0,36243000.0,541919000.0,72866000.0,469053000.0,469053000.0,5.71,0.5874,0.2778,0.2653,0.2297,0.2342,657438200.0,567451200.0,5.6453,5.6968,5.6968,469053000.0,469053000.0,0.3219,0.2807,WAT
2015-09-30 00:00:00,2039591900.0,837876000.0,1201715900.0,118933000.0,498982000.0,558182100.0,,-27028000.0,36707000.0,531154000.0,61863000.0,469291000.0,469291000.0,5.68,0.5892,0.2737,0.2604,0.2301,0.2364,648758100.0,558182100.0,5.5917,5.6439,5.6439,469291000.0,469291000.0,0.3181,0.2787,WAT
2015-06-30 00:00:00,2032178900.0,833294000.0,1198884900.0,115509000.0,496553000.0,561052100.0,,-28047000.0,36752000.0,533005000.0,66498000.0,466507000.0,466507000.0,5.62,0.59,0.2761,0.2623,0.2296,0.2295,659297100.0,561052100.0,5.5318,5.5831,5.5831,466507000.0,466507000.0,0.3244,0.2741,WAT
2015-03-31 00:00:00,2019239900.0,826440000.0,1192799900.0,111931000.0,505823000.0,549129100.0,,-27772000.0,35677000.0,521357000.0,63978000.0,457379000.0,457379000.0,5.48,0.5907,0.2719,0.2582,0.2265,0.2283,645567100.0,549129100.0,5.3972,5.4463,5.4463,457379000.0,457379000.0,0.3197,0.2726,WAT
2014-12-31 00:00:00,1989343900.0,824913000.0,1164430900.0,107726000.0,512707000.0,517908100.0,,-27168000.0,34191000.0,490740000.0,59120000.0,431620000.0,431620000.0,5.15,0.5853,0.2603,0.2467,0.217,0.2122,612139100.0,517908100.0,5.0689,5.1166,5.1166,431620000.0,431620000.0,0.3077,0.2572,WAT
2014-09-30 00:00:00,1970922000.0,820785000.0,1150137000.0,105977000.0,511471000.0,522046000.0,,-26454000.0,32449000.0,495592000.0,73682000.0,421910000.0,421910000.0,5.0,0.5836,0.2649,0.2515,0.2141,0.2015,614036000.0,522046000.0,4.9413,4.9919,4.9919,421910000.0,421910000.0,0.3115,0.2502,WAT
2014-06-30 00:00:00,1935074000.0,810131000.0,1124943000.0,102297000.0,509808000.0,502402000.0,,-25566000.0,30745000.0,476836000.0,70375000.0,406461000.0,406461000.0,4.79,0.5813,0.2596,0.2464,0.21,0.1906,585537000.0,502402000.0,4.7319,4.7863,4.7863,406461000.0,406461000.0,0.3026,0.243,WAT
2014-03-31 00:00:00,1904388000.0,796607000.0,1107781000.0,99970000.0,500940000.0,496699000.0,,-27271000.0,30354000.0,469428000.0,70182000.0,399246000.0,399246000.0,4.69,0.5817,0.2608,0.2465,0.2096,0.1909,578474000.0,496699000.0,4.6302,4.6882,4.6882,399246000.0,399246000.0,0.3038,0.2483,WAT
2013-12-31 00:00:00,1904218000.0,783456000.0,1120762000.0,100536000.0,492965000.0,517343000.0,,-27238000.0,30050000.0,490105000.0,40102000.0,450003000.0,450003000.0,5.27,0.5886,0.2717,0.2574,0.2363,0.1924,597038000.0,517343000.0,5.1996,5.2678,5.2678,450003000.0,450003000.0,0.3135,0.2546,WAT
2013-09-30 00:00:00,1860536000.0,762828000.0,1097708000.0,98519000.0,484432000.0,500571100.0,,-26759000.0,29720000.0,473812000.0,-10553000.0,484365000.0,484365000.0,5.63,0.59,0.269,0.2547,0.2603,0.1874,576432100.0,500571000.0,5.5449,5.6192,5.6192,484365000.0,484365000.0,0.3098,0.2544,WAT
2013-06-30 00:00:00,1853171000.0,753962000.0,1099209000.0,98676000.0,479191000.0,503247100.0,,-26270000.0,29469000.0,476977000.0,-8449000.0,485426000.0,485426000.0,5.61,0.5932,0.2716,0.2574,0.2619,0.1893,579159100.0,503247000.0,5.5301,5.602,5.602,485426000.0,485426000.0,0.3125,0.2535,WAT
2013-03-31 00:00:00,1853521000.0,744892000.0,1108629000.0,97969000.0,478811000.0,510678100.0,,-24141000.0,28767000.0,486537000.0,-7299000.0,493836000.0,493836000.0,5.68,0.5981,0.2755,0.2625,0.2664,0.1867,583202100.0,510678000.0,5.5918,5.6637,5.6637,493836000.0,493836000.0,0.3146,0.2513,WAT
2012-12-31 00:00:00,1843641000.0,737614000.0,1106027000.0,96004000.0,477270000.0,511490100.0,,-23865000.0,28073000.0,487625000.0,26182000.0,461443000.0,461443000.0,5.27,0.5999,0.2774,0.2645,0.2503,0.1869,580321100.0,511490000.0,5.1859,5.2531,5.2531,461443000.0,461443000.0,0.3148,0.2437,WAT
