Date,Revenue,Cost of Revenue,Gross Profit,R&D Expenses,SG&A Expenses,Operating Income,Interest Expense (Operating),Non-operating Income/Expense,Non-operating Interest Expenses,EBT,Income Tax Provision,Income after Tax,Net Income Common,EPS (Basic),Gross Margin,EBIT Margin,EBT margin,Net Profit Margin,Free Cash Flow Margin,EBITDA,EBIT,"EPS (Diluted, from Cont. Ops)","EPS (Basic, Consolidated)","EPS (Basic, from Continuous Ops)",Income from Continuous Operations,Consolidated Net Income/Loss,EBITDA Margin,Operating Cash Flow Margin,Ticker
2022-09-30 00:00:00,17478000000.0,12024000000.0,5454000000.0,2297000000.0,1073000000.0,1771000000.0,269000000.0,164000000.0,6000000.0,1503000000.0,586000000.0,917000000.0,917000000.0,2.9,0.312,0.1013,0.086,0.0525,0.0105,2979000000.0,1771000000.0,2.9011,2.9254,2.9254,917000000.0,917000000.0,0.1704,0.0781,WDC
2022-06-30 00:00:00,18793000000.0,12624000000.0,6169000000.0,2323000000.0,1117000000.0,2391000000.0,267000000.0,237000000.0,6000000.0,2123000000.0,623000000.0,1500000000.0,1500000000.0,4.75,0.3283,0.1272,0.113,0.0798,0.0411,3658000000.0,2391000000.0,4.7469,4.8077,4.8077,1500000000.0,1500000000.0,0.1946,0.1,WDC
2022-03-31 00:00:00,19185000000.0,12922000000.0,6263000000.0,2323000000.0,1148000000.0,2504000000.0,259000000.0,18000000.0,84000000.0,2208000000.0,387000000.0,1821000000.0,1821000000.0,5.83,0.3265,0.1305,0.1151,0.0949,0.0754,3765000000.0,2504000000.0,5.8236,5.8981,5.8981,1821000000.0,1821000000.0,0.1962,0.1344,WDC
2021-12-31 00:00:00,18941000000.0,12841000000.0,6100000000.0,2306000000.0,1154000000.0,2497000000.0,265000000.0,-98000000.0,164000000.0,2195000000.0,202000000.0,1993000000.0,1993000000.0,6.39,0.3221,0.1318,0.1159,0.1052,0.0682,3726000000.0,2497000000.0,6.3739,6.462,6.462,1993000000.0,1993000000.0,0.1967,0.1213,WDC
2021-09-30 00:00:00,18051000000.0,12676000000.0,5375000000.0,2266000000.0,1140000000.0,1928000000.0,282000000.0,-193000000.0,244000000.0,1634000000.0,143000000.0,1491000000.0,1491000000.0,4.8,0.2978,0.1068,0.0905,0.0826,0.063,3157000000.0,1928000000.0,4.7854,4.8576,4.8576,1491000000.0,1491000000.0,0.1749,0.1139,WDC
2021-06-30 00:00:00,16922000000.0,12401000000.0,4521000000.0,2243000000.0,1105000000.0,1220000000.0,300000000.0,-293000000.0,326000000.0,927000000.0,106000000.0,821000000.0,821000000.0,2.67,0.2672,0.0721,0.0548,0.0485,0.0529,2472000000.0,1220000000.0,2.657,2.6919,2.6919,821000000.0,821000000.0,0.1461,0.1122,WDC
2021-03-31 00:00:00,16289000000.0,12251000000.0,4038000000.0,2191000000.0,1077000000.0,806000000.0,320000000.0,-290000000.0,333000000.0,516000000.0,169000000.0,347000000.0,347000000.0,1.13,0.2479,0.0495,0.0317,0.0213,0.0099,2184000000.0,806000000.0,1.1372,1.1522,1.1522,347000000.0,347000000.0,0.1341,0.0661,WDC
2020-12-31 00:00:00,16327000000.0,12375000000.0,3952000000.0,2199000000.0,1071000000.0,642000000.0,351000000.0,-329000000.0,351000000.0,313000000.0,146000000.0,167000000.0,167000000.0,0.55,0.2421,0.0393,0.0192,0.0102,0.0137,2153000000.0,642000000.0,0.5639,0.5653,0.5653,167000000.0,167000000.0,0.1319,0.0675,WDC
2020-09-30 00:00:00,16618000000.0,12691000000.0,3927000000.0,2242000000.0,1104000000.0,534000000.0,375000000.0,-346000000.0,375000000.0,188000000.0,222000000.0,-34000000.0,-34000000.0,-0.12,0.2363,0.0321,0.0113,-0.002,0.0061,2108000000.0,534000000.0,-0.1045,-0.1044,-0.1044,-34000000.0,-34000000.0,0.1269,0.0562,WDC
2020-06-30 00:00:00,16736000000.0,12955000000.0,3781000000.0,2261000000.0,1153000000.0,335000000.0,,-381000000.0,413000000.0,-46000000.0,204000000.0,-250000000.0,-250000000.0,-0.85,0.2259,0.02,-0.0027,-0.0149,0.0106,1941000000.0,335000000.0,-0.8389,-0.8388,-0.8388,-250000000.0,-250000000.0,0.116,0.0492,WDC
2020-03-31 00:00:00,16083000000.0,12920000000.0,3163000000.0,2238000000.0,1183000000.0,-307000000.0,,-398000000.0,443000000.0,-705000000.0,-110000000.0,-595000000.0,-595000000.0,-2.01,0.1967,-0.0191,-0.0438,-0.037,0.0218,1338000000.0,-307000000.0,-1.9706,-2.0051,-2.0051,-595000000.0,-595000000.0,0.0832,0.051,WDC
2019-12-31 00:00:00,15582000000.0,12845000000.0,2737000000.0,2219000000.0,1255000000.0,-854000000.0,,-374000000.0,462000000.0,-1228000000.0,-35000000.0,-1193000000.0,-1193000000.0,-4.06,0.1757,-0.0548,-0.0788,-0.0766,0.0204,850000000.0,-854000000.0,-4.0164,-4.0517,-4.0517,-1193000000.0,-1193000000.0,0.0546,0.0567,WDC
2019-09-30 00:00:00,15581000000.0,12735000000.0,2846000000.0,2180000000.0,1266000000.0,-728000000.0,,-379000000.0,475000000.0,-1107000000.0,434000000.0,-1541000000.0,-1541000000.0,-5.27,0.1827,-0.0467,-0.071,-0.0989,0.0302,1049000000.0,-728000000.0,-5.2293,-5.2646,-5.2646,-1541000000.0,-1541000000.0,0.0673,0.0703,WDC
2019-06-30 00:00:00,16569000000.0,12817000000.0,3752000000.0,2182000000.0,1317000000.0,87000000.0,,-374000000.0,469000000.0,-287000000.0,467000000.0,-754000000.0,-754000000.0,-2.59,0.2264,0.0053,-0.0173,-0.0455,0.0477,1937000000.0,87000000.0,-2.5821,-2.5822,-2.5822,-754000000.0,-754000000.0,0.1169,0.0934,WDC
2019-03-31 00:00:00,18052000000.0,12913000000.0,5139000000.0,2236000000.0,1370000000.0,1311000000.0,,-395000000.0,466000000.0,916000000.0,717000000.0,199000000.0,199000000.0,0.61,0.2847,0.0726,0.0507,0.011,0.0738,3237000000.0,1311000000.0,0.6014,0.621,0.621,199000000.0,199000000.0,0.1793,0.1241,WDC
2018-12-31 00:00:00,19391000000.0,12904000000.0,6487000000.0,2294000000.0,1393000000.0,2619000000.0,,-1354000000.0,508000000.0,1265000000.0,424000000.0,841000000.0,841000000.0,2.8,0.3345,0.1351,0.0652,0.0434,0.1116,4776000000.0,2619000000.0,2.7892,2.8154,2.8154,841000000.0,841000000.0,0.2463,0.158,WDC
2018-09-30 00:00:00,20494000000.0,13038000000.0,7456000000.0,2384000000.0,1465000000.0,3398000000.0,,-1440000000.0,587000000.0,1958000000.0,1453000000.0,505000000.0,505000000.0,1.7,0.3638,0.1658,0.0955,0.0246,0.1389,5621000000.0,3398000000.0,1.6881,1.7143,1.7143,505000000.0,505000000.0,0.2743,0.1843,WDC
2018-06-30 00:00:00,20647000000.0,12942000000.0,7705000000.0,2400000000.0,1473000000.0,3617000000.0,,-1532000000.0,676000000.0,2085000000.0,1410000000.0,675000000.0,675000000.0,2.26,0.3732,0.1752,0.101,0.0327,0.1645,5894000000.0,3617000000.0,2.1988,2.2728,2.2728,675000000.0,675000000.0,0.2855,0.2037,WDC
2018-03-31 00:00:00,20372000000.0,12838000000.0,7534000000.0,2427000000.0,1466000000.0,3426000000.0,,-1655000000.0,763000000.0,1771000000.0,1572000000.0,199000000.0,199000000.0,0.69,0.3698,0.1682,0.0869,0.0098,0.1736,5757000000.0,3426000000.0,0.6399,0.7157,0.7157,199000000.0,199000000.0,0.2826,0.2101,WDC
2017-12-31 00:00:00,20008000000.0,12878000000.0,7130000000.0,2438000000.0,1436000000.0,3037000000.0,,-834000000.0,808000000.0,2203000000.0,1817000000.0,386000000.0,386000000.0,1.35,0.3564,0.1518,0.1101,0.0193,0.1808,5261000000.0,3037000000.0,1.2712,1.3691,1.3691,386000000.0,386000000.0,0.2629,0.2125,WDC
2017-09-30 00:00:00,19560000000.0,12910000000.0,6650000000.0,2394000000.0,1413000000.0,2627000000.0,,-877000000.0,816000000.0,1750000000.0,306000000.0,1444000000.0,1444000000.0,4.95,0.34,0.1343,0.0895,0.0738,0.1841,4828000000.0,2627000000.0,4.8509,4.9712,4.9712,1444000000.0,1444000000.0,0.2468,0.2111,WDC
2017-06-30 00:00:00,19093000000.0,13021000000.0,6072000000.0,2441000000.0,1445000000.0,1954000000.0,,-1185000000.0,847000000.0,769000000.0,372000000.0,397000000.0,397000000.0,1.36,0.318,0.1023,0.0403,0.0208,0.1508,4367000000.0,1954000000.0,1.3412,1.3785,1.3785,397000000.0,397000000.0,0.2287,0.18,WDC
2017-03-31 00:00:00,17746000000.0,12534000000.0,5212000000.0,2331000000.0,1500000000.0,1107000000.0,,-1238000000.0,872000000.0,-131000000.0,118000000.0,-249000000.0,-249000000.0,-0.94,0.2937,0.0624,-0.0074,-0.014,0.1279,3420000000.0,1107000000.0,-1.2538,-1.2164,-1.2164,-249000000.0,-249000000.0,0.1927,0.1608,WDC
2016-12-31 00:00:00,15919000000.0,11477000000.0,4442000000.0,2077000000.0,1320000000.0,670000000.0,,-1025000000.0,681000000.0,-355000000.0,68000000.0,-423000000.0,-423000000.0,-1.48,0.279,0.0421,-0.0223,-0.0266,0.1085,2653000000.0,670000000.0,-1.767,-1.7569,-1.7569,-423000000.0,-423000000.0,0.1667,0.147,WDC
2016-09-30 00:00:00,14348000000.0,10533000000.0,3815000000.0,1881000000.0,1201000000.0,376000000.0,,-808000000.0,489000000.0,-432000000.0,-25000000.0,-407000000.0,-407000000.0,-1.22,0.2659,0.0262,-0.0301,-0.0284,0.088,2087000000.0,376000000.0,-1.4936,-1.4967,-1.4967,-407000000.0,-407000000.0,0.1455,0.1309,WDC
2016-06-30 00:00:00,12994000000.0,9559000000.0,3435000000.0,1627000000.0,997000000.0,466000000.0,,-313000000.0,266000000.0,153000000.0,-89000000.0,242000000.0,242000000.0,1.29,0.2644,0.0359,0.0118,0.0186,0.1077,1659000000.0,466000000.0,1.0,1.0126,1.0126,242000000.0,242000000.0,0.1277,0.1526,WDC
2016-03-31 00:00:00,12690000000.0,9146000000.0,3544000000.0,1514000000.0,802000000.0,916000000.0,,-31000000.0,52000000.0,885000000.0,57000000.0,828000000.0,828000000.0,3.58,0.2793,0.0722,0.0697,0.0652,0.1198,1903000000.0,916000000.0,3.5498,3.5894,3.5894,828000000.0,828000000.0,0.15,0.1667,WDC
2015-12-31 00:00:00,13418000000.0,9595000000.0,3823000000.0,1557000000.0,835000000.0,1249000000.0,,-32000000.0,50000000.0,1217000000.0,79000000.0,1138000000.0,1138000000.0,4.92,0.2849,0.0931,0.0907,0.0848,0.1268,2274000000.0,1249000000.0,4.8607,4.9341,4.9341,1138000000.0,1138000000.0,0.1695,0.1725,WDC
2015-09-30 00:00:00,13989000000.0,9962000000.0,4027000000.0,1594000000.0,760000000.0,1464000000.0,,-33000000.0,49000000.0,1431000000.0,106000000.0,1325000000.0,1325000000.0,5.81,0.2879,0.1047,0.1023,0.0947,0.0851,2526000000.0,1464000000.0,5.6283,5.732,5.732,1325000000.0,1325000000.0,0.1806,0.1401,WDC
2015-06-30 00:00:00,14572000000.0,10351000000.0,4221000000.0,1646000000.0,788000000.0,1611000000.0,,-34000000.0,49000000.0,1577000000.0,112000000.0,1465000000.0,1465000000.0,6.39,0.2897,0.1106,0.1082,0.1005,0.1119,2725000000.0,1611000000.0,6.1814,6.3146,6.3146,1465000000.0,1465000000.0,0.187,0.1539,WDC
2015-03-31 00:00:00,15032000000.0,10712000000.0,4320000000.0,1691000000.0,837000000.0,1708000000.0,,-31000000.0,49000000.0,1677000000.0,115000000.0,1562000000.0,1562000000.0,6.79,0.2874,0.1136,0.1116,0.1039,0.1235,2880000000.0,1708000000.0,6.5471,6.7154,6.7154,1562000000.0,1562000000.0,0.1916,0.1641,WDC
2014-12-31 00:00:00,15185000000.0,10821000000.0,4364000000.0,1707000000.0,839000000.0,1706000000.0,,-35000000.0,54000000.0,1671000000.0,118000000.0,1553000000.0,1553000000.0,6.73,0.2874,0.1123,0.11,0.1023,0.1224,2900000000.0,1706000000.0,6.4696,6.6488,6.6488,1553000000.0,1553000000.0,0.191,0.1633,WDC
2014-09-30 00:00:00,15269000000.0,10859000000.0,4410000000.0,1697000000.0,901000000.0,1718000000.0,,-38000000.0,56000000.0,1680000000.0,135000000.0,1545000000.0,1545000000.0,6.58,0.2888,0.1125,0.11,0.1012,0.1622,2939000000.0,1718000000.0,6.3988,6.591,6.591,1545000000.0,1545000000.0,0.1925,0.1941,WDC
2014-06-30 00:00:00,15130000000.0,10770000000.0,4360000000.0,1661000000.0,813000000.0,1791000000.0,,-39000000.0,56000000.0,1752000000.0,135000000.0,1617000000.0,1617000000.0,6.87,0.2882,0.1184,0.1158,0.1069,0.1446,3035000000.0,1791000000.0,6.6818,6.8808,6.8808,1617000000.0,1617000000.0,0.2006,0.1861,WDC
2014-03-31 00:00:00,15207000000.0,10826000000.0,4381000000.0,1637000000.0,739000000.0,1218000000.0,,-43000000.0,56000000.0,1175000000.0,140000000.0,1035000000.0,1035000000.0,7.28,0.2881,0.0801,0.0773,0.0681,0.1437,2456000000.0,1218000000.0,4.3311,4.4516,4.4516,1035000000.0,1035000000.0,0.1615,0.1833,WDC
2013-12-31 00:00:00,15268000000.0,10902000000.0,4366000000.0,1615000000.0,723000000.0,1216000000.0,,-41000000.0,53000000.0,1175000000.0,124000000.0,1051000000.0,1051000000.0,7.32,0.286,0.0796,0.077,0.0688,0.1432,2456000000.0,1216000000.0,4.3774,4.4919,4.4919,1051000000.0,1051000000.0,0.1609,0.1845,WDC
2013-09-30 00:00:00,15120000000.0,10851000000.0,4269000000.0,1577000000.0,659000000.0,1216000000.0,,-40000000.0,52000000.0,1176000000.0,220000000.0,956000000.0,956000000.0,6.88,0.2823,0.0804,0.0778,0.0632,0.1427,2448000000.0,1216000000.0,3.9697,4.0542,4.0542,956000000.0,956000000.0,0.1619,0.1894,WDC
2013-06-30 00:00:00,15351000000.0,10988000000.0,4363000000.0,1572000000.0,706000000.0,1266000000.0,,-44000000.0,55000000.0,1222000000.0,242000000.0,980000000.0,980000000.0,6.89,0.2842,0.0825,0.0796,0.0638,0.1412,2499000000.0,1266000000.0,3.9837,4.0665,4.0665,980000000.0,980000000.0,0.1628,0.2032,WDC
2013-03-31 00:00:00,16377000000.0,11592000000.0,4785000000.0,1576000000.0,704000000.0,2295000000.0,,-42000000.0,53000000.0,2253000000.0,263000000.0,1990000000.0,1990000000.0,8.06,0.2922,0.1401,0.1376,0.1215,0.1527,3565000000.0,2295000000.0,8.0131,8.1693,8.1693,1990000000.0,1990000000.0,0.2177,0.2176,WDC
2012-12-31 00:00:00,15648000000.0,10947000000.0,4701000000.0,1445000000.0,674000000.0,2420000000.0,,-35000000.0,46000000.0,2385000000.0,303000000.0,2082000000.0,2082000000.0,8.42,0.3004,0.1547,0.1524,0.1331,0.2241,3569000000.0,2420000000.0,8.3806,8.5374,8.5374,2082000000.0,2082000000.0,0.2281,0.3052,WDC
