Date,Revenue,Cost of Revenue,Gross Profit,SG&A Expenses,Operating Income,Non-operating Income/Expense,Non-operating Interest Expenses,Investment Gain/Loss (Other),EBT,Income Tax Provision,Income after Tax,Share of Subsidiary Earnings,Net Income Common,EPS (Basic),Gross Margin,EBIT Margin,EBT margin,Net Profit Margin,Free Cash Flow Margin,EBITDA,EBIT,"EPS (Diluted, from Cont. Ops)","EPS (Diluted, from Disc. Ops)","EPS (Basic, Consolidated)","EPS (Basic, from Discontinued Ops)","EPS (Basic, from Continuous Ops)",Income from Continuous Operations,Income from Discontinued Operations,Consolidated Net Income/Loss,EBITDA Margin,Operating Cash Flow Margin,Ticker
2022-09-30 00:00:00,5651348000.0,3404923100.0,2246425300.0,142180000.0,759463700.0,-524424000.0,510976000.0,,235025000.0,13386000.0,221639000.0,-28814000.0,203614000.0,0.46,0.3975,0.1344,0.0416,0.036,-0.5351,2035196700.0,759463400.0,0.51,,0.5058,,0.51,108479000.0,,224964000.0,0.3601,0.2505,WELL
2022-06-30 00:00:00,5417301000.0,3221382100.0,2195919300.0,139625000.0,809363700.0,-489422000.0,493816000.0,151029000.0,319941000.0,15069000.0,304872000.0,-37948000.0,390044000.0,0.89,0.4054,0.1494,0.0591,0.072,-0.6763,1994315700.0,809363400.0,0.96,,0.9562,,0.96,182578000.0,,417953000.0,0.3681,0.268,WELL
2022-03-31 00:00:00,5085757000.0,3015988100.0,2069769200.0,134507000.0,781220500.0,-563762000.0,488407000.0,199229000.0,217458000.0,9783000.0,207675000.0,-38866000.0,326517000.0,0.75,0.407,0.1536,0.0428,0.0642,-0.5972,1895496700.0,781220200.0,0.86,,0.8552,,0.86,132663000.0,,368038000.0,0.3727,0.2757,WELL
2021-12-31 00:00:00,4742115000.0,2781832100.0,1960283200.0,126727000.0,754251500.0,-583501000.0,489853000.0,235375000.0,170750000.0,8713000.0,162037000.0,-22933000.0,336138000.0,0.78,0.4134,0.1591,0.036,0.0709,-0.4921,1807429700.0,754251200.0,0.88,,0.8812,,0.88,139104000.0,,374479000.0,0.3811,0.2912,WELL
2021-09-30 00:00:00,4554867000.0,2700338000.0,1854528500.0,121466000.0,677920600.0,-606081000.0,489178000.0,893469900.0,71850000.0,6952000.0,64898000.0,-10501000.0,441195000.0,1.04,0.4072,0.1488,0.0158,0.0969,-0.2582,1688727800.0,677920600.0,1.09,-0.1,1.0962,-0.09,1.09,-260542000.0,,463563000.0,0.3708,0.2875,WELL
2021-06-30 00:00:00,4351944000.0,2608783000.0,1743160500.0,120213000.0,572058700.0,-672705000.0,491507000.0,1257819900.0,-100646000.0,4015000.0,-104661000.0,-650000.0,587117000.0,1.4,0.4005,0.1314,-0.0231,0.1349,0.5277,1568966800.0,572058700.0,1.59,-0.13,1.5986,-0.11,1.6,-420250000.0,,668205000.0,0.3605,0.2739,WELL
2021-03-31 00:00:00,4399427000.0,2622115000.0,1777311600.0,122839000.0,571373700.0,-674610000.0,495523000.0,1369014900.0,-103236000.0,8469000.0,-111705000.0,8658000.0,740106000.0,1.77,0.404,0.1299,-0.0235,0.1682,0.8826,1591860800.0,571373700.0,1.86,,1.8707,,1.87,-306791000.0,,781664000.0,0.3618,0.2856,WELL
2020-12-31 00:00:00,4605967000.0,2692259000.0,1913707600.0,128394000.0,676541700.0,-708094000.0,514388000.0,1572758900.0,-31552000.0,9968000.0,-41520000.0,-8083000.0,978844000.0,2.36,0.4155,0.1469,-0.0069,0.2125,0.9368,1726321800.0,676541700.0,2.49,,2.5005,,2.5,-49603000.0,,1038852000.0,0.3748,0.2963,WELL
2020-09-30 00:00:00,4746773000.0,2651133100.0,2095640100.0,127053000.0,856950200.0,-692528000.0,524863000.0,915055000.0,164422000.0,4846000.0,159576100.0,49079000.0,1039439000.0,2.52,0.4415,0.1805,0.0346,0.219,0.749,1926550200.0,856950100.0,2.71,-0.32,2.7251,-0.3,2.72,-108634900.0,,1123710000.0,0.4059,0.3024,WELL
2020-06-30 00:00:00,4976032000.0,2669147100.0,2306885100.0,127069000.0,1056624200.0,-732472000.0,537355000.0,1001001000.0,324152000.0,6811000.0,317341100.0,58322000.0,1303730000.0,3.2,0.4636,0.2123,0.0651,0.262,0.6643,2144216300.0,1056624100.0,3.36,-0.18,3.3777,-0.16,3.37,628623100.0,,1376664000.0,0.4309,0.3001,WELL
2020-03-31 00:00:00,5107663000.0,2708088100.0,2399575000.0,126748000.0,1164737200.0,-682469000.0,552334000.0,843456000.0,482268000.0,6177000.0,476091100.0,47941000.0,1262246000.0,3.11,0.4698,0.228,0.0944,0.2471,-0.0622,2235493300.0,1164737100.0,3.35,-0.25,3.3668,-0.24,3.36,619447100.0,,1367488000.0,0.4377,0.314,WELL
2019-12-31 00:00:00,5121306000.0,2708732100.0,2412574000.0,126549000.0,1206340200.0,-663448000.0,555559000.0,748041000.0,542892000.0,2957000.0,539935100.0,42434000.0,1232432000.0,3.07,0.4711,0.2356,0.106,0.2406,-0.0831,2249564300.0,1206340100.0,3.29,,3.3107,,3.31,582369100.0,,1330410000.0,0.4393,0.2999,WELL
2019-09-30 00:00:00,5099727000.0,2696856100.0,2402870800.0,131143000.0,1217393000.0,-756229000.0,568280000.0,777890000.0,461164000.0,9293000.0,451871000.0,-14791000.0,1109871000.0,2.79,0.4712,0.2387,0.0904,0.2176,0.1006,2243309000.0,1217392900.0,3.02,1.0475,3.041,1.0423,3.04,1214970000.0,,1214970000.0,0.4399,0.3103,WELL
2019-06-30 00:00:00,5069973000.0,2698425100.0,2371547800.0,128870000.0,1135199000.0,-691523000.0,568969000.0,232363000.0,443676000.0,7066000.0,436610000.0,-17709000.0,584379000.0,1.5,0.4678,0.2239,0.0875,0.1153,-0.6715,2133186000.0,1135198900.0,1.65,1.1375,1.6671,1.1223,1.67,651264000.0,,651264000.0,0.4207,0.3156,WELL
2019-03-31 00:00:00,4875779000.0,2566049100.0,2309729900.0,127960000.0,1097638100.0,-657222000.0,549049000.0,244800000.0,440416000.0,9308000.0,431108000.0,-7411000.0,601049000.0,1.58,0.4737,0.2251,0.0903,0.1233,-0.2155,2084539000.0,1097638000.0,1.73,1.1275,1.7464,1.1223,1.75,668497000.0,,668497000.0,0.4275,0.3198,WELL
2018-12-31 00:00:00,4700499000.0,2433017100.0,2267481800.0,126383000.0,1077742100.0,-654252000.0,526592000.0,415575000.0,423490000.0,8674000.0,414816000.0,-641000.0,758250000.0,2.04,0.4824,0.2293,0.0901,0.1613,-0.1833,2047809000.0,1077742000.0,2.21,1.1075,2.2208,1.1123,2.22,829750000.0,,829750000.0,0.4357,0.337,WELL
2018-09-30 00:00:00,4563514000.0,2393243100.0,2170271000.0,123644000.0,937980400.0,-659589000.0,509439000.0,,278391000.0,32832000.0,245559000.0,-60285000.0,544971000.0,1.47,0.4756,0.2055,0.061,0.1194,-0.0378,1902760300.0,937980200.0,2.46,0.1235,1.6409,0.1341,2.47,903186000.0,,615317000.0,0.417,0.3249,WELL
2018-06-30 00:00:00,4418618000.0,2260083100.0,2158535000.0,124811000.0,927119300.0,-624690000.0,493985000.0,,302429000.0,31760000.0,270669000.0,-57221000.0,554630000.0,1.5,0.4885,0.2098,0.0684,0.1255,0.402,1878579200.0,927119100.0,2.44,0.8429,1.657,0.8674,2.44,906637000.0,,620390000.0,0.4252,0.3233,WELL
2018-03-31 00:00:00,4351308000.0,2193187100.0,2158121100.0,124612000.0,942051300.0,-641916000.0,488800000.0,,300135000.0,19471000.0,280664000.0,-62448000.0,588627000.0,1.59,0.496,0.2165,0.069,0.1353,0.4266,1882094200.0,942051100.0,2.43,0.8813,1.762,0.8958,2.43,900650000.0,,656558000.0,0.4325,0.3257,WELL
2017-12-31 00:00:00,4316641000.0,2146891100.0,2169750200.0,122008000.0,948246300.0,-648630000.0,484622000.0,,299616000.0,20128000.0,279488000.0,-83125000.0,463595000.0,1.27,0.5026,0.2197,0.0694,0.1074,0.5396,1886844200.0,948246100.0,1.47,0.9513,1.4722,0.9558,1.47,540613000.0,344250000.0,540613000.0,0.4371,0.3322,WELL
2017-09-30 00:00:00,4290703000.0,2041071000.0,2249632100.0,126454000.0,1075852100.0,-578044000.0,483765900.0,,497808000.0,-22119000.0,519927000.0,-26505000.0,908154900.0,2.49,0.5243,0.2507,0.116,0.2117,0.6496,2002668100.0,1075852100.0,2.01,,2.7033,,2.02,493422000.0,,981456000.0,0.4667,0.3546,WELL
2017-06-30 00:00:00,4278353000.0,1990754000.0,2287599200.0,133369000.0,1198734200.0,-592030000.0,490886900.0,,606704000.0,-23093000.0,629797000.0,-31662000.0,1169021900.0,3.22,0.5347,0.2802,0.1418,0.2732,0.5677,2111343200.0,1198734200.0,2.74,,3.4497,,2.75,598135000.0,,1246898000.0,0.4935,0.3804,WELL
2017-03-31 00:00:00,4296408000.0,1947731000.0,2348677100.0,140651000.0,1248829200.0,-588276000.0,506981900.0,,660553000.0,-15158000.0,675711000.0,-29643000.0,1176066900.0,3.26,0.5467,0.2907,0.1537,0.2737,0.5523,2160816200.0,1248829200.0,2.84,0.6894,3.4855,0.6933,2.86,646068000.0,250767000.0,1254206000.0,0.5029,0.3826,WELL
2016-12-31 00:00:00,4281160000.0,1887198000.0,2393962200.0,155241000.0,1282571300.0,-573318000.0,521344900.0,,709253000.0,-19128000.0,728381000.0,-10357000.0,1012396900.0,2.82,0.5592,0.2996,0.1657,0.2365,0.2853,2192957300.0,1282571300.0,3.0,,3.0202,,3.02,718024000.0,,1082070000.0,0.5122,0.3829,WELL
2016-09-30 00:00:00,4232323000.0,1820887000.0,2411436200.0,159287000.0,1243448900.0,-547400000.0,526083000.0,,696049000.0,139000.0,695910000.0,-10801000.0,812282000.0,2.28,0.5698,0.2938,0.1645,0.1919,-0.1423,2147643900.0,1243449100.0,1.66,,2.4653,,1.67,685109000.0,,880375000.0,0.5074,0.3843,WELL
2016-06-30 00:00:00,4132187000.0,1755910000.0,2376277100.0,159409000.0,1230938800.0,-532226000.0,517514000.0,,698713000.0,-2900000.0,701613000.0,-11683000.0,659415000.0,1.87,0.5751,0.2979,0.1691,0.1596,-0.006,2123966700.0,1230939000.0,1.25,,2.0434,,1.26,689930000.0,,724891000.0,0.514,0.3918,WELL
2016-03-31 00:00:00,4012699000.0,1695432000.0,2317267100.0,157969000.0,1176379800.0,-537615000.0,504049000.0,,638765000.0,5030000.0,633735000.0,-12676000.0,776514000.0,2.21,0.5775,0.2932,0.1592,0.1935,-0.0709,2051410700.0,1176380000.0,1.6,,2.3956,,1.6,621059000.0,,844601000.0,0.5112,0.383,WELL
2015-12-31 00:00:00,3859826000.0,1622257000.0,2237569000.0,147416000.0,1106755700.0,-470639000.0,492169000.0,,636117000.0,6451000.0,629666000.0,-21504000.0,818344000.0,2.36,0.5797,0.2867,0.1648,0.212,-0.409,1942004600.0,1106755900.0,1.74,,2.5515,,1.75,608162000.0,,888549000.0,0.5031,0.3582,WELL
2015-09-30 00:00:00,3698112900.0,1546534000.0,2151578900.0,138177000.0,1085625700.0,-465030000.0,481777000.0,,620596000.0,8871000.0,611725000.0,-25953000.0,874054000.0,2.56,0.5818,0.2936,0.1678,0.2364,-0.4443,1892760600.0,1085625700.0,2.57,,2.7914,,2.59,585772000.0,,945613000.0,0.5118,0.3572,WELL
2015-06-30 00:00:00,3566638900.0,1492988000.0,2073650900.0,132030000.0,1004190700.0,-464492000.0,479082000.0,,539699000.0,2017000.0,537682000.0,-25954000.0,828266000.0,2.48,0.5814,0.2816,0.1513,0.2322,-0.4999,1805793800.0,1004190700.0,2.49,,2.716,,2.51,511728000.0,,899127000.0,0.5063,0.3259,WELL
2015-03-31 00:00:00,3435915900.0,1438388000.0,1997527900.0,145216000.0,925268700.0,-448691000.0,481286000.0,,476578000.0,-3831000.0,480409000.0,-34518000.0,587522000.0,1.83,0.5814,0.2693,0.1387,0.171,-0.5244,1732114800.0,925268700.0,1.82,,2.0694,,1.84,445891000.0,,656522000.0,0.5041,0.3219,WELL
2014-12-31 00:00:00,3343545900.0,1403358000.0,1940187900.0,142943000.0,873314700.0,-489102000.0,481039000.0,,384213000.0,-1267000.0,385480000.0,-27426000.0,446745000.0,1.43,0.5803,0.2612,0.1149,0.1336,-0.147,1725154700.0,873314700.0,1.43,-0.02,1.6726,-0.02,1.44,358054000.0,7135000.0,512300000.0,0.516,0.3406,WELL
2014-09-30 00:00:00,3264416000.0,1376562900.0,1887853100.0,143847000.0,805744300.0,-491317000.0,484370000.0,,314427000.0,-5933000.0,320360000.0,-24361000.0,269579000.0,0.89,0.5783,0.2468,0.0963,0.0826,-0.0273,1705573400.0,805744000.0,0.91,,1.092,,0.91,295999000.0,-751000.0,331520000.0,0.5225,0.3727,WELL
2014-06-30 00:00:00,3200604000.0,1363326900.0,1837277100.0,141762000.0,717421300.0,-486965000.0,481955000.0,,230456000.0,7342000.0,223114000.0,-22060000.0,154015000.0,0.52,0.574,0.2242,0.072,0.0481,-0.1688,1656747200.0,717421000.0,0.52,0.0016,0.7185,0.0016,0.52,201054000.0,4632000.0,212354000.0,0.5176,0.3678,WELL
2014-03-31 00:00:00,3052691000.0,1297530900.0,1755160100.0,114004000.0,658353300.0,-471767000.0,470355000.0,,186586000.0,6988000.0,179598000.0,-16005000.0,73678000.0,0.25,0.575,0.2157,0.0611,0.0241,-0.3378,1584638200.0,658353000.0,0.38,-0.1284,0.4483,-0.1284,0.38,163593000.0,-31912000.0,131681000.0,0.5191,0.3431,WELL
2013-12-31 00:00:00,2880608000.0,1208922900.0,1671685100.0,108318000.0,564166300.0,-461921000.0,458360000.0,,102245000.0,7491000.0,94754000.0,-8187000.0,78714000.0,0.29,0.5803,0.1958,0.0355,0.0273,-0.8716,1446683300.0,564166000.0,0.1,0.19,0.4993,0.19,0.1,86567000.0,51713000.0,138280000.0,0.5022,0.3432,WELL
2013-09-30 00:00:00,2578463900.0,1031634000.0,1546829900.0,99840000.0,556560900.0,-422270000.0,423860000.0,,134291000.0,10914000.0,123377000.0,-3297000.0,157814000.0,0.6,0.5999,0.2158,0.0521,0.0612,-1.1658,1337337800.0,556560800.0,0.23,0.38,0.8478,0.39,0.23,120080000.0,99506000.0,219586000.0,0.5187,0.3415,WELL
2013-06-30 00:00:00,2256585900.0,861138000.0,1395447900.0,94801000.0,538727900.0,-397985000.0,399755000.0,,140743000.0,8673000.0,132070000.0,-3705000.0,174392000.0,0.7,0.6184,0.2387,0.0624,0.0773,-1.3907,1213350900.0,538727800.0,0.27,0.44,0.9687,0.45,0.27,128365000.0,111122000.0,239487000.0,0.5377,0.3872,WELL
2013-03-31 00:00:00,2016771900.0,719019000.0,1297752900.0,96769000.0,508972900.0,-380435000.0,381589000.0,,128538000.0,8905000.0,119633000.0,3212000.0,237635000.0,0.99,0.6435,0.2524,0.0637,0.1178,-1.4426,1117241900.0,508972800.0,0.23,0.76,1.3025,0.77,0.23,122845000.0,186336000.0,309181000.0,0.554,0.4184,WELL
2012-12-31 00:00:00,1805043900.0,594997000.0,1210046900.0,97341000.0,544876900.0,-358965000.0,361565000.0,,185912000.0,7612000.0,178300000.0,2482000.0,221884000.0,0.98,0.6704,0.3019,0.103,0.1229,-1.0619,1093811900.0,544876800.0,0.48,0.5,1.3142,0.51,0.48,180782000.0,114058000.0,294840000.0,0.606,0.4532,WELL
