Date,Revenue,Cost of Revenue,Gross Profit,SG&A Expenses,Operating Income,Non-operating Income/Expense,EBT,Income Tax Provision,Income after Tax,Net Income Common,EPS (Basic),Gross Margin,EBIT Margin,EBT margin,Net Profit Margin,Free Cash Flow Margin,"EPS (Diluted, from Cont. Ops)","EPS (Basic, Consolidated)","EPS (Basic, from Continuous Ops)",Income from Continuous Operations,Consolidated Net Income/Loss,EBITDA Margin,Operating Cash Flow Margin,Ticker
2022-09-30 00:00:00,63187000000.0,5573000000.0,74981000000.0,54332000000.0,20649000000.0,,20578000000.0,3925000000.0,16653000000.0,14952000000.0,3.85,1.1867,0.0,0.3257,0.2366,0.3896,4.2752,4.3133,4.3133,16653000000.0,16653000000.0,0.0,0.3896,WFC
2022-06-30 00:00:00,67434000000.0,4102000000.0,74310000000.0,51128000000.0,23182000000.0,,23110000000.0,4552000000.0,18558000000.0,16489000000.0,4.17,1.102,0.0,0.3427,0.2445,0.1156,4.6816,4.7239,4.7239,18558000000.0,18558000000.0,0.0,0.1156,WFC
2022-03-31 00:00:00,76224000000.0,3637000000.0,77552000000.0,49750000000.0,27802000000.0,205000000.0,27734000000.0,5384000000.0,22350000000.0,19393000000.0,4.82,1.0174,0.0,0.3638,0.2544,-0.1031,5.5314,5.5809,5.5809,22350000000.0,22350000000.0,0.0,-0.1031,WFC
2021-12-31 00:00:00,79790000000.0,3915000000.0,78492000000.0,49600000000.0,28892000000.0,187000000.0,28816000000.0,5578000000.0,23238000000.0,20256000000.0,4.99,0.9837,0.0,0.3611,0.2539,-0.1444,5.6731,5.721,5.721,23238000000.0,23238000000.0,0.0,-0.1444,WFC
2021-09-30 00:00:00,81453000000.0,4251000000.0,76581000000.0,50762000000.0,25819000000.0,-781000000.0,25028000000.0,4635000000.0,20393000000.0,17789000000.0,4.25,0.9402,0.0,0.3073,0.2184,-0.4801,4.9342,4.9667,4.9667,20393000000.0,20393000000.0,0.0,-0.4801,WFC
2021-06-30 00:00:00,81821000000.0,4758000000.0,77063000000.0,54135000000.0,22928000000.0,-1508000000.0,21420000000.0,3031000000.0,18389000000.0,15903000000.0,3.5,0.9418,0.0,0.2618,0.1944,-0.524,4.4358,4.4589,4.4589,18389000000.0,18389000000.0,0.0,-0.524,WFC
2021-03-31 00:00:00,80865000000.0,5786000000.0,75079000000.0,66135000000.0,8944000000.0,-1406000000.0,7432000000.0,-415000000.0,7847000000.0,6000000000.0,1.45,0.9284,0.0,0.0919,0.0742,-0.2312,1.888,1.8987,1.8987,7847000000.0,7847000000.0,0.0,-0.2312,WFC
2020-12-31 00:00:00,82227000000.0,7963000000.0,74264000000.0,70260000000.0,4004000000.0,-1378000000.0,2505000000.0,-1157000000.0,3662000000.0,1786000000.0,0.41,0.9032,0.0,0.0305,0.0217,0.0249,0.8857,0.8892,0.8892,3662000000.0,3662000000.0,0.0,0.0249,WFC
2020-09-30 00:00:00,88111000000.0,11163000000.0,76948000000.0,73034000000.0,3914000000.0,,3554000000.0,357000000.0,3197000000.0,1494000000.0,0.38,0.8733,0.0,0.0403,0.017,0.4226,0.778,0.789,0.789,3197000000.0,3197000000.0,0.0,0.4226,WFC
2020-06-30 00:00:00,94247000000.0,14605000000.0,79642000000.0,73648000000.0,5994000000.0,,6352000000.0,1744000000.0,4608000000.0,2630000000.0,0.89,0.845,0.0,0.0674,0.0279,0.3484,1.0512,1.0684,1.0684,4608000000.0,4608000000.0,0.0,0.3484,WFC
2020-03-31 00:00:00,100515000000.0,17575000000.0,82940000000.0,63488000000.0,19425000000.0,,19783000000.0,5039000000.0,14744000000.0,12638000000.0,2.86,0.8252,0.0,0.1968,0.1257,0.1597,3.3863,3.4116,3.4116,14744000000.0,14744000000.0,0.0,0.1597,WFC
2019-12-31 00:00:00,105684000000.0,18852000000.0,86832000000.0,61168000000.0,25609000000.0,,25967000000.0,5761000000.0,20206000000.0,18103000000.0,4.06,0.8216,0.0,0.2457,0.1713,0.0637,4.5659,4.5996,4.5996,20206000000.0,20206000000.0,0.0,0.0637,WFC
2019-09-30 00:00:00,104917000000.0,18734000000.0,86183000000.0,60163000000.0,25965000000.0,,27716000000.0,4445000000.0,23271000000.0,21103000000.0,4.67,0.8214,0.0,0.2642,0.2011,0.089,5.1102,5.1458,5.1458,23271000000.0,23271000000.0,0.0,0.089,WFC
2019-06-30 00:00:00,103766000000.0,17652000000.0,86114000000.0,58348000000.0,27447000000.0,,29198000000.0,4653000000.0,24545000000.0,22519000000.0,4.88,0.8299,0.0,0.2814,0.217,0.2792,5.2758,5.3139,5.3139,24545000000.0,24545000000.0,0.0,0.2792,WFC
2019-03-31 00:00:00,102318000000.0,16235000000.0,86083000000.0,58592000000.0,26934000000.0,,28685000000.0,5169000000.0,23516000000.0,21463000000.0,4.55,0.8413,0.0,0.2804,0.2098,0.2814,4.9493,4.9869,4.9869,23516000000.0,23516000000.0,0.0,0.2814,WFC
2018-12-31 00:00:00,101060000000.0,14652000000.0,86408000000.0,58827000000.0,26787000000.0,,28538000000.0,5662000000.0,22876000000.0,20689000000.0,4.47,0.855,0.0,0.2824,0.2047,0.3569,4.728,4.7662,4.7662,22876000000.0,22876000000.0,0.0,0.3569,WFC
2018-09-30 00:00:00,100498000000.0,13020000000.0,87478000000.0,60379000000.0,26017000000.0,,26017000000.0,3054000000.0,22963000000.0,20718000000.0,4.42,0.8704,0.0,0.2589,0.2062,0.2121,4.6825,4.7239,4.7239,22963000000.0,22963000000.0,0.0,0.2121,WFC
2018-06-30 00:00:00,99209000000.0,11823000000.0,87386000000.0,61080000000.0,25200000000.0,,25200000000.0,3723000000.0,21477000000.0,19396000000.0,4.13,0.8808,0.0,0.254,0.1955,0.2438,4.3413,4.3813,4.3813,21477000000.0,21477000000.0,0.0,0.2438,WFC
2018-03-31 00:00:00,98640000000.0,10572000000.0,88068000000.0,60720000000.0,26220000000.0,,26220000000.0,4158000000.0,22062000000.0,20054000000.0,4.23,0.8928,0.0,0.2658,0.2033,0.21,4.4278,4.4714,4.4714,22062000000.0,22062000000.0,0.0,0.21,WFC
2017-12-31 00:00:00,97741000000.0,9352000000.0,88389000000.0,59860000000.0,27377000000.0,,27377000000.0,4917000000.0,22460000000.0,20554000000.0,4.11,0.9043,0.0,0.2801,0.2103,0.1905,4.4765,4.5241,4.5241,22460000000.0,22460000000.0,0.0,0.1905,WFC
2017-09-30 00:00:00,96284000000.0,8363000000.0,87921000000.0,56416000000.0,30340000000.0,,30340000000.0,8817000000.0,21523000000.0,19686000000.0,3.91,0.9131,0.0,0.3151,0.2045,0.2406,4.2637,4.3094,4.3094,21523000000.0,21523000000.0,0.0,0.2406,WFC
2017-06-30 00:00:00,95703000000.0,7303000000.0,88400000000.0,55410000000.0,31814000000.0,,31814000000.0,9237000000.0,22577000000.0,20798000000.0,4.1,0.9237,0.0,0.3324,0.2173,0.1175,4.4529,4.5009,4.5009,22577000000.0,22577000000.0,0.0,0.1175,WFC
2017-03-31 00:00:00,94820000000.0,6493000000.0,88327000000.0,55242000000.0,31897000000.0,,31897000000.0,9641000000.0,22256000000.0,20521000000.0,4.04,0.9315,0.0,0.3364,0.2164,0.0868,4.3718,4.4196,4.4196,22256000000.0,22256000000.0,0.0,0.0868,WFC
2016-12-31 00:00:00,94176000000.0,5909000000.0,88267000000.0,54955000000.0,32120000000.0,,32120000000.0,10075000000.0,22045000000.0,20373000000.0,4.03,0.9373,0.0,0.3411,0.2163,0.0107,4.3156,4.363,4.363,22045000000.0,22045000000.0,0.0,0.0107,WFC
2016-09-30 00:00:00,93579000000.0,5308000000.0,88271000000.0,54355000000.0,32714000000.0,,32714000000.0,10350000000.0,22364000000.0,20704000000.0,4.11,0.9433,0.0,0.3496,0.2212,-0.0824,4.3569,4.4084,4.4084,22364000000.0,22364000000.0,0.0,-0.0824,WFC
2016-06-30 00:00:00,92579000000.0,4761000000.0,87818000000.0,53372000000.0,33232000000.0,,33232000000.0,10539000000.0,22693000000.0,20904000000.0,4.13,0.9486,0.0,0.359,0.2258,0.1471,4.3991,4.4545,4.4545,22693000000.0,22693000000.0,0.0,0.1471,WFC
2016-03-31 00:00:00,91278000000.0,4304000000.0,86974000000.0,52188000000.0,33559000000.0,,33559000000.0,10653000000.0,22906000000.0,21094000000.0,4.15,0.9528,0.0,0.3677,0.2311,0.2115,4.4185,4.4777,4.4777,22906000000.0,22906000000.0,0.0,0.2115,WFC
2015-12-31 00:00:00,90033000000.0,3976000000.0,86057000000.0,51170000000.0,33641000000.0,,33641000000.0,10365000000.0,23276000000.0,21470000000.0,4.21,0.9558,0.0,0.3737,0.2385,0.1766,4.4677,4.5315,4.5315,23276000000.0,23276000000.0,0.0,0.1766,WFC
2015-09-30 00:00:00,89838000000.0,3924000000.0,85914000000.0,50845000000.0,33796000000.0,,33796000000.0,10351000000.0,23445000000.0,21649000000.0,4.2,0.9563,0.0,0.3762,0.241,0.2507,4.4788,4.5462,4.5462,23445000000.0,23445000000.0,0.0,0.2523,WFC
2015-06-30 00:00:00,89211000000.0,3959000000.0,85252000000.0,50328000000.0,33620000000.0,,33620000000.0,10203000000.0,23417000000.0,21614000000.0,4.18,0.9556,0.0,0.3769,0.2423,0.2092,4.4482,4.5185,4.5185,23417000000.0,23417000000.0,0.0,0.2106,WFC
2015-03-31 00:00:00,89005000000.0,4005000000.0,85000000000.0,49933000000.0,33726000000.0,,33726000000.0,10309000000.0,23417000000.0,21675000000.0,4.16,0.955,0.0,0.3789,0.2435,0.1917,4.4212,4.4936,4.4936,23417000000.0,23417000000.0,0.0,0.1933,WFC
2014-12-31 00:00:00,88372000000.0,4025000000.0,84347000000.0,49062000000.0,33915000000.0,,33915000000.0,10307000000.0,23608000000.0,21821000000.0,4.17,0.9545,0.0,0.3838,0.2469,0.1984,4.4339,4.5077,4.5077,23608000000.0,23608000000.0,0.0,0.1984,WFC
2014-09-30 00:00:00,87624000000.0,4055000000.0,83569000000.0,48341000000.0,33821000000.0,,33821000000.0,10292000000.0,23529000000.0,21808000000.0,4.15,0.9537,0.0,0.386,0.2489,0.3299,4.4026,4.4761,4.4761,23529000000.0,23529000000.0,0.0,0.332,WFC
2014-06-30 00:00:00,86894000000.0,4060000000.0,82834000000.0,47869000000.0,33525000000.0,,33525000000.0,10268000000.0,23257000000.0,21717000000.0,4.11,0.9533,0.0,0.3858,0.2499,0.402,4.3372,4.4098,4.4098,23257000000.0,23257000000.0,0.0,0.4043,WFC
2014-03-31 00:00:00,87281000000.0,4135000000.0,83146000000.0,48337000000.0,33341000000.0,,33341000000.0,10262000000.0,23079000000.0,21565000000.0,4.09,0.9526,0.0,0.382,0.2471,0.5879,4.2974,4.3688,4.3688,23079000000.0,23079000000.0,0.0,0.5883,WFC
2013-12-31 00:00:00,88069000000.0,4289000000.0,83780000000.0,49647000000.0,32629000000.0,,32629000000.0,10405000000.0,22224000000.0,20889000000.0,3.95,0.9513,0.0,0.3705,0.2372,0.6591,4.1377,4.2033,4.2033,22224000000.0,22224000000.0,0.0,0.6545,WFC
2013-09-30 00:00:00,89533000000.0,4470000000.0,85063000000.0,51883000000.0,31633000000.0,,31633000000.0,9825000000.0,21808000000.0,20377000000.0,3.85,0.9501,0.0,0.3533,0.2276,0.5808,4.0641,4.1235,4.1235,21808000000.0,21808000000.0,0.0,0.576,WFC
2013-06-30 00:00:00,90503000000.0,4705000000.0,85798000000.0,53365000000.0,30842000000.0,,30842000000.0,9687000000.0,21155000000.0,19777000000.0,3.74,0.948,0.0,0.3408,0.2185,0.5052,3.9473,4.0015,4.0015,21155000000.0,21155000000.0,0.0,0.5002,WFC
2013-03-31 00:00:00,90654000000.0,4945000000.0,85709000000.0,54614000000.0,29463000000.0,,29463000000.0,9195000000.0,20268000000.0,18908000000.0,3.57,0.9455,0.0,0.325,0.2086,0.5769,3.785,3.8339,3.8339,20268000000.0,20268000000.0,0.0,0.5711,WFC
2012-12-31 00:00:00,91247000000.0,5161000000.0,86086000000.0,55941000000.0,28471000000.0,,28471000000.0,9103000000.0,19368000000.0,17999000000.0,3.4,0.9434,0.0,0.312,0.1973,0.6428,3.6192,3.6629,3.6629,19368000000.0,19368000000.0,0.0,0.6416,WFC
