Date,Revenue,Cost of Revenue,Gross Profit,SG&A Expenses,Operating Income,Interest Expense (Operating),Non-operating Income/Expense,Non-operating Interest Expenses,EBT,Income Tax Provision,Income after Tax,Net Income Common,EPS (Basic),Gross Margin,EBIT Margin,EBT margin,Net Profit Margin,Free Cash Flow Margin,EBITDA,EBIT,"EPS (Diluted, from Cont. Ops)","EPS (Diluted, from Disc. Ops)","EPS (Basic, Consolidated)","EPS (Basic, from Discontinued Ops)","EPS (Basic, from Continuous Ops)",Income from Continuous Operations,Income from Discontinued Operations,Consolidated Net Income/Loss,EBITDA Margin,Operating Cash Flow Margin,Ticker
2022-10-31 00:00:00,600112000000.0001,453820000000.0001,146292000000.0,125538000000.0,20754000000.0,,-941000000.0,698000000.0,12896000000.0,3780000000.0,9116000000.0,8967000000.0,,0.2438,0.0346,0.0215,0.0149,0.0121,,20754000000.0,3.2882,,3.3035,,3.3035,9116000000.0,,9116000000.0,0.0,0.0393,WMT
2022-07-31 00:00:00,587824000000.0001,443230000000.0,144594000000.0,120743000000.0,23851000000.0,1847000000.0,4588000000.0,158000000.0,18474000000.0,4459000000.0,14015000000.0,13870000000.0,5.01,0.246,0.0406,0.0314,0.0236,0.0097,35486000000.0,23851000000.0,5.0598,,5.0799,,5.0799,14015000000.0,,14015000000.0,0.0604,0.0357,WMT
2022-04-30 00:00:00,576013000000.0001,432575000000.0,143438000000.0,118687000000.0,24351000000.0,1883000000.0,6179000000.0,164000000.0,17753000000.0,4521000000.0,13232000000.0,12997000000.0,4.65,0.249,0.0423,0.0308,0.0226,0.0061,36328000000.0,24351000000.0,4.7367,,4.7578,,4.7578,13232000000.0,,13232000000.0,0.0631,0.0305,WMT
2022-01-31 00:00:00,572754000000.0001,429000000000.0,143754000000.0,117412000000.0,25942000000.0,1994000000.0,916000000.0,694000000.0,18696000000.0,4756000000.0,13940000000.0,13673000000.0,4.88,0.251,0.0453,0.0326,0.0239,0.02,37700000000.0,25942000000.0,4.9697,,4.9928,,4.9928,13940000000.0,,13940000000.0,0.0658,0.0422,WMT
2021-10-31 00:00:00,571962000000.0001,428739000000.0,143223000000.0,117281000000.0,25542000000.0,2091000000.0,-6389000000.0,1171000000.0,13321000000.0,5022000000.0,8299000000.0,8020000000.0,2.86,0.2504,0.0447,0.0233,0.014,0.0306,36913000000.0,25542000000.0,2.9631,,2.9751,,2.9751,8299000000.0,,8299000000.0,0.0645,0.0516,WMT
2021-07-31 00:00:00,566145000000.0001,424055000000.0,142090000000.0,116162000000.0,25528000000.0,2146000000.0,-6455000000.0,1668000000.0,16289000000.0,5921000000.0,10368000000.0,10050000000.0,3.56,0.251,0.0451,0.0288,0.0178,0.032,36820000000.0,25528000000.0,3.6689,,3.6864,,3.6864,10368000000.0,,10368000000.0,0.065,0.0522,WMT
2021-04-30 00:00:00,562839000000.0001,421561000000.0,141278000000.0,117045000000.0,24233000000.0,2289000000.0,-5221000000.0,2289000000.0,19012000000.0,6569000000.0,12443000000.0,12250000000.0,4.33,0.251,0.0431,0.0338,0.0218,0.038,35255000000.0,24233000000.0,4.3779,,4.401,,4.401,12443000000.0,,12443000000.0,0.0626,0.0567,WMT
2021-01-31 00:00:00,559151000000.0001,420315000000.0,138836000000.0,116288000000.0,22548000000.0,2315000000.0,-1984000000.0,2315000000.0,20564000000.0,6858000000.0,13706000000.0,13510000000.0,4.77,0.2483,0.0403,0.0368,0.0242,0.0465,33700000000.0,22548000000.0,4.8143,,4.8415,,4.8415,13706000000.0,,13706000000.0,0.0603,0.0645,WMT
2020-10-31 00:00:00,548743000000.0001,412802000000.0,135941000000.0,113558000000.0,22383000000.0,2443000000.0,4447000000.0,2443000000.0,26830000000.0,6822000000.0,20008000000.0,19742000000.0,6.97,0.2477,0.0408,0.0489,0.036,0.0445,33544000000.0,22383000000.0,7.0198,,7.0629,,7.0629,20008000000.0,,20008000000.0,0.0611,0.0612,WMT
2020-07-31 00:00:00,542026000000.0001,408363000000.0,133663000000.0,112340000000.0,21323000000.0,,2765000000.0,2535000000.0,24088000000.0,5960000000.0,18128000000.0,17895000000.0,6.32,0.2466,0.0393,0.0444,0.033,0.0441,32436000000.0,21323000000.0,6.355,,6.3951,,6.3951,18128000000.0,,18128000000.0,0.0598,0.0609,WMT
2020-04-30 00:00:00,534661000000.0001,403597000000.0,131064000000.0,110217000000.0,20847000000.0,,-492000000.0,2518000000.0,20355000000.0,4986000000.0,15369000000.0,15029000000.0,5.3,0.2451,0.039,0.0381,0.0281,0.0352,31911000000.0,20847000000.0,5.3768,,5.4113,,5.4113,15369000000.0,,15369000000.0,0.0597,0.0537,WMT
2020-01-31 00:00:00,523964000000.0001,394605000000.0,129359000000.0,108791000000.0,20568000000.0,,-452000000.0,2599000000.0,20116000000.0,4915000000.0,15201000000.0,14881000000.0,5.23,0.2469,0.0393,0.0384,0.0284,0.0284,31555000000.0,20568000000.0,5.3002,,5.3337,,5.3337,15201000000.0,,15201000000.0,0.0602,0.0482,WMT
2019-10-31 00:00:00,521086000000.0001,391764000000.0,129322000000.0,108009000000.0,21313000000.0,,-1206000000.0,2616000000.0,20107000000.0,5387000000.0,14720000000.0,14427000000.0,5.04,0.2482,0.0409,0.0386,0.0277,0.0275,32203000000.0,21313000000.0,5.0964,,5.1243,,5.1243,14720000000.0,,14720000000.0,0.0618,0.0479,WMT
2019-07-31 00:00:00,517989000000.0001,388980000000.0,129009000000.0,107428000000.0,21581000000.0,,-3271000000.0,2576000000.0,18310000000.0,5094000000.0,13216000000.0,12849000000.0,4.46,0.2491,0.0417,0.0353,0.0248,0.0335,32363000000.0,21581000000.0,4.5534,,4.5776,,4.5776,13216000000.0,,13216000000.0,0.0625,0.0538,WMT
2019-04-30 00:00:00,515640000000.0001,386628000000.0,129012000000.0,107264000000.0,21748000000.0,,-7953000000.0,2489000000.0,13795000000.0,4986000000.0,8809000000.0,8378000000.0,2.9,0.2502,0.0422,0.0268,0.0162,0.0306,32462000000.0,21748000000.0,3.0239,,3.0409,,3.0409,8809000000.0,,8809000000.0,0.063,0.0507,WMT
2019-01-31 00:00:00,514405000000.0001,385301000000.0,129104000000.0,107147000000.0,21957000000.0,,-10497000000.0,2346000000.0,11460000000.0,4281000000.0,7179000000.0,6670000000.0,2.28,0.251,0.0427,0.0223,0.013,0.0349,32635000000.0,21957000000.0,2.4376,,2.4509,,2.4509,7179000000.0,,7179000000.0,0.0634,0.054,WMT
2018-10-31 00:00:00,511879000000.0001,383034000000.0,128845000000.0,108488000000.0,20357000000.0,,-11597000000.0,2213000000.0,8760000000.0,3031000000.0,5729000000.0,5158000000.0,1.75,0.2517,0.0398,0.0171,0.0101,0.0368,31006000000.0,20357000000.0,1.9367,,1.9504,,1.9504,5729000000.0,,5729000000.0,0.0606,0.0558,WMT
2018-07-31 00:00:00,510164000000.0001,381465000000.0,128699000000.0,108564000000.0,20135000000.0,,-11072000000.0,2203000000.0,9063000000.0,3247000000.0,5816000000.0,5197000000.0,1.76,0.2523,0.0395,0.0178,0.0102,0.0363,30827000000.0,20135000000.0,1.9544,,1.9677,,1.9677,5816000000.0,,5816000000.0,0.0604,0.055,WMT
2018-04-30 00:00:00,505491000000.0001,377415000000.0,128076000000.0,107722000000.0,20354000000.0,,-7083000000.0,2262000000.0,13271000000.0,3624000000.0,9647000000.0,8957000000.0,3.01,0.2534,0.0403,0.0263,0.0177,0.0368,31010000000.0,20354000000.0,3.2287,,3.2464,,3.2464,9647000000.0,,9647000000.0,0.0613,0.0556,WMT
2018-01-31 00:00:00,500343000000.0001,373396000000.0,126947000000.0,106510000000.0,20437000000.0,,-5314000000.0,2330000000.0,15123000000.0,4600000000.0,10523000000.0,9862000000.0,3.29,0.2537,0.0408,0.0302,0.0197,0.0373,30966000000.0,20437000000.0,3.4961,,3.5135,,3.5135,10523000000.0,,10523000000.0,0.0619,0.0566,WMT
2017-10-31 00:00:00,495012000000.0001,368499000000.0,126513000000.0,104338000000.0,22175000000.0,,-4366000000.0,2379000000.0,17809000000.0,5663000000.0,12146000000.0,11444000000.0,3.78,0.2556,0.0448,0.036,0.0231,0.0381,32708000000.0,22175000000.0,3.9909,,4.008,,4.008,12146000000.0,,12146000000.0,0.0661,0.0585,WMT
2017-07-31 00:00:00,490012000000.0001,364436000000.0,125576000000.0,103046000000.0,22530000000.0,,-3066000000.0,2405000000.0,19464000000.0,6020000000.0,13444000000.0,12729000000.0,4.17,0.2563,0.046,0.0397,0.026,0.0369,32874000000.0,22530000000.0,4.3883,,4.4059,,4.4059,13444000000.0,,13444000000.0,0.0671,0.0573,WMT
2017-04-30 00:00:00,487511000000.0001,362400000000.0,125111000000.0,102385000000.0,22726000000.0,,-2269000000.0,2380000000.0,20457000000.0,6228000000.0,14229000000.0,13603000000.0,4.42,0.2566,0.0466,0.042,0.0279,0.0431,32969000000.0,22726000000.0,4.6077,,4.6249,,4.6249,14229000000.0,,14229000000.0,0.0676,0.0633,WMT
2017-01-31 00:00:00,485873000000.0001,361256000000.0,124617000000.0,101853000000.0,22764000000.0,,-2267000000.0,2367000000.0,20497000000.0,6204000000.0,14293000000.0,13643000000.0,4.4,0.2565,0.0469,0.0422,0.0281,0.0443,32844000000.0,22764000000.0,4.5929,,4.6092,,4.6092,14293000000.0,,14293000000.0,0.0676,0.0652,WMT
2016-10-31 00:00:00,484604000000.0001,360512000000.0,124092000000.0,100891000000.0,23201000000.0,,-2260000000.0,2347000000.0,20941000000.0,5886000000.0,15055000000.0,14460000000.0,4.61,0.2561,0.0479,0.0432,0.0298,0.0468,33006000000.0,23201000000.0,4.7891,,4.8044,,4.8044,15055000000.0,,15055000000.0,0.0681,0.0667,WMT
2016-07-31 00:00:00,483833000000.0001,360474000000.0,123359000000.0,99563000000.0,23796000000.0,,-2227000000.0,2311000000.0,21569000000.0,6302000000.0,15267000000.0,14730000000.0,4.66,0.255,0.0492,0.0446,0.0304,0.0453,33497000000.0,23796000000.0,4.8168,,4.8314,,4.8314,15267000000.0,,15267000000.0,0.0692,0.0669,WMT
2016-04-30 00:00:00,483208000000.0001,361045000000.0,122163000000.0,98463000000.0,23700000000.0,,-2204000000.0,2290000000.0,21496000000.0,6483000000.0,15013000000.0,14432000000.0,4.53,0.2528,0.049,0.0445,0.0299,0.0382,33223000000.0,23700000000.0,4.6949,,4.709,,4.709,15013000000.0,,15013000000.0,0.0688,0.0606,WMT
2016-01-31 00:00:00,482130000000.0001,360984000000.0,121146000000.0,97041000000.0,24105000000.0,,-2467000000.0,2548000000.0,21638000000.0,6558000000.0,15080000000.0,14694000000.0,4.58,0.2513,0.05,0.0449,0.0305,0.0347,33559000000.0,24105000000.0,4.6875,,4.7022,,4.7022,15080000000.0,,15080000000.0,0.0696,0.0571,WMT
2015-10-31 00:00:00,484028000000.0001,363100000000.0,120928000000.0,95516000000.0,25412000000.0,,-2505000000.0,2606000000.0,22907000000.0,7387000000.0,15520000000.0,15086000000.0,4.68,0.2498,0.0525,0.0473,0.0312,0.0339,34727000000.0,25412000000.0,4.7279,,4.8151,,4.7482,15520000000.0,,15520000000.0,0.0717,0.0581,WMT
2015-07-31 00:00:00,485621000000.0001,364901000000.0,120720000000.0,94757000000.0,25963000000.0,,-2609000000.0,2709000000.0,23354000000.0,7422000000.0,15932000000.0,15493000000.0,4.8,0.2486,0.0535,0.0481,0.0319,0.0318,35267000000.0,25963000000.0,4.8173,,4.9364,,4.8346,15932000000.0,,15932000000.0,0.0726,0.0551,WMT
2015-04-30 00:00:00,485517000000.0001,364855000000.0,120662000000.0,94028000000.0,26634000000.0,,-2604000000.0,2712000000.0,24030000000.0,7644000000.0,16386000000.0,16111000000.0,4.99,0.2485,0.0549,0.0495,0.0332,0.0318,35876000000.0,26634000000.0,4.9023,,5.1574,,4.9261,16386000000.0,,16656000000.0,0.0739,0.0558,WMT
2015-01-31 00:00:00,485651000000.0001,365086000000.0,120565000000.0,93418000000.0,27147000000.0,,-2348000000.0,2461000000.0,24799000000.0,7985000000.0,16814000000.0,16363000000.0,5.07,0.2483,0.0559,0.0511,0.0337,0.0349,36320000000.0,27147000000.0,4.99,0.06,5.2938,0.06,5.01,16814000000.0,,17099000000.0,0.0748,0.0588,WMT
2014-10-31 00:00:00,483792000000.0001,363942000000.0,119850000000.0,93305000000.0,26545000000.0,,-2316000000.0,2419000000.0,24229000000.0,8059000000.0,16170000000.0,15828000000.0,4.9,0.2477,0.0549,0.0501,0.0327,0.0294,35696000000.0,26545000000.0,4.8,0.0754,5.1202,0.07,4.82,16170000000.0,,16561000000.0,0.0738,0.0525,WMT
2014-07-31 00:00:00,480479000000.0001,361382000000.0,119097000000.0,92507000000.0,26590000000.0,,-2240000000.0,2335000000.0,24350000000.0,8136000000.0,16214000000.0,15855000000.0,4.9,0.2479,0.0553,0.0507,0.033,0.0259,35585000000.0,26590000000.0,4.79,0.08,5.1281,0.08,4.81,16214000000.0,406000000.0,16620000000.0,0.0741,0.0498,WMT
2014-04-30 00:00:00,477184000000.0001,358792000000.0,118392000000.0,91765000000.0,26627000000.0,,-2254000000.0,2354000000.0,24373000000.0,8043000000.0,16330000000.0,15831000000.0,4.87,0.2481,0.0558,0.0511,0.0332,0.0267,35560000000.0,26627000000.0,4.81,0.04,5.0644,0.04,4.83,16330000000.0,146000000.0,16476000000.0,0.0745,0.0509,WMT
2014-01-31 00:00:00,476294000000.0001,358069000000.0,118225000000.0,91353000000.0,26872000000.0,,-2216000000.0,2335000000.0,24656000000.0,8105000000.0,16551000000.0,16022000000.0,4.91,0.2482,0.0564,0.0518,0.0336,0.0228,35742000000.0,26872000000.0,4.85,0.03,5.107,,4.87,16551000000.0,144000000.0,16695000000.0,0.075,0.0488,WMT
2013-10-31 00:00:00,474147000000.0001,356104000000.0,118043000000.0,89971000000.0,28072000000.0,,-2139000000.0,2285000000.0,25933000000.0,8086000000.0,17847000000.0,17197000000.0,5.22,0.249,0.0592,0.0547,0.0363,0.0216,36846000000.0,28072000000.0,5.0885,0.0246,5.4274,0.03,5.0981,17847000000.0,74000000.0,17921000000.0,0.0777,0.0485,WMT
2013-07-31 00:00:00,472259000000.0001,354887000000.0,117372000000.0,89517000000.0,27855000000.0,,-2105000000.0,2283000000.0,25750000000.0,7964000000.0,17786000000.0,17094000000.0,5.15,0.2485,0.059,0.0545,0.0362,0.026,36502000000.0,27855000000.0,5.0185,0.03,5.3716,0.0223,5.0381,17786000000.0,75000000.0,17861000000.0,0.0773,0.0535,WMT
2013-04-30 00:00:00,469711000000.0001,353110000000.0,116601000000.0,88825000000.0,27776000000.0,,-2058000000.0,2249000000.0,25718000000.0,7976000000.0,17742000000.0,17041000000.0,5.1,0.2482,0.0591,0.0548,0.0363,0.0257,36335000000.0,27776000000.0,5.013,0.01,5.3154,0.01,5.0277,17742000000.0,80000000.0,17807000000.0,0.0774,0.0533,WMT
2013-01-31 00:00:00,468651000000.0001,352297000000.0,116354000000.0,88629000000.0,27725000000.0,,-2063000000.0,2249000000.0,25662000000.0,7958000000.0,17704000000.0,16999000000.0,5.05,0.2483,0.0592,0.0548,0.0363,0.0282,36203000000.0,27725000000.0,5.0099,,5.2626,,5.03,17704000000.0,59000000.0,17756000000.0,0.0772,0.0546,WMT
