Date,Revenue,Cost of Revenue,Gross Profit,SG&A Expenses,Operating Income,Interest Expense (Operating),Non-operating Income/Expense,Non-operating Interest Expenses,EBT,Income Tax Provision,Income after Tax,Net Income Common,EPS (Basic),Gross Margin,EBIT Margin,EBT margin,Net Profit Margin,Free Cash Flow Margin,EBITDA,EBIT,"EPS (Diluted, from Cont. Ops)","EPS (Diluted, from Disc. Ops)","EPS (Basic, Consolidated)","EPS (Basic, from Discontinued Ops)","EPS (Basic, from Continuous Ops)",Income from Continuous Operations,Income from Discontinued Operations,Consolidated Net Income/Loss,EBITDA Margin,Operating Cash Flow Margin,Ticker
2022-09-30 00:00:00,21257000000.0,17607000000.0,3651000000.0,2283000000.0,1326800800.0,356000000.0,575000000.0,119100000.0,1219000000.0,271000000.0,949200000.0,945000000.0,3.64,0.1718,0.0624,0.0573,0.0445,0.0558,3206000000.0,1326800800.0,3.6627,,,,,949200000.0,,950000000.0,0.1508,0.095,WRK
2022-06-30 00:00:00,20945000000.0,17365000000.0,3581000000.0,2145900000.0,1337203100.0,378000000.0,552000000.0,50000000.0,1208000000.0,279000000.0,928900000.0,924000000.0,3.5,0.171,0.0638,0.0577,0.0441,0.0623,3183000000.0,1337203100.0,3.5296,,3.5576,,3.5576,928900000.0,,930000000.0,0.152,0.103,WRK
2022-03-31 00:00:00,20241300000.0,16793400000.0,3448899900.0,2093800000.0,1178302200.0,400000000.0,449100000.0,138500000.0,1023400000.0,223400000.0,800100000.0,796100000.0,2.96,0.1704,0.0582,0.0506,0.0393,0.0608,2999299800.0,1178302200.0,2.9872,,3.0135,,3.0135,800100000.0,,801000000.0,0.1482,0.1023,WRK
2021-12-31 00:00:00,19297100000.0,16009600000.0,3287499800.0,2059600000.0,1318801700.0,408000000.0,-14100000.0,210000000.0,1125300000.0,251900000.0,873800000.0,868600000.0,3.23,0.1704,0.0683,0.0583,0.045,0.053,2766799400.0,1318801700.0,3.2623,,3.2909,,3.2909,873800000.0,,874400000.0,0.1434,0.094,WRK
2021-09-30 00:00:00,18746600000.0,15409200000.0,3336399700.0,2028400000.0,1281201100.0,404000000.0,-92300000.0,291800000.0,1086100000.0,243200000.0,842500000.0,838600000.0,3.12,0.178,0.0683,0.0579,0.0447,0.0785,2747298900.0,1281201100.0,3.1496,,3.1768,,3.1768,842500000.0,,842900000.0,0.1465,0.1216,WRK
2021-06-30 00:00:00,18127101000.0,14881300000.0,3245800800.0,2085399900.0,-242498100.0,409000000.0,-195900000.0,390100000.0,-438400000.0,198200000.0,-636600000.0,-641500000.0,-2.53,0.1791,-0.0134,-0.0242,-0.0354,0.0953,2551201900.0,-242498100.0,-2.5097,,-2.5019,,-2.5019,-636600000.0,,-636600000.0,0.1407,0.1288,WRK
2021-03-31 00:00:00,17547101000.0,14461200000.0,3085900700.0,2035399900.0,-353198000.0,386000000.0,-214400000.0,380000000.0,-567600000.0,140000000.0,-707600000.0,-713100000.0,-2.77,0.1759,-0.0201,-0.0323,-0.0406,0.0955,2437202000.0,-353198000.0,-2.7516,,-2.7498,,-2.7498,-707600000.0,,-707600000.0,0.1389,0.1324,WRK
2020-12-31 00:00:00,17556601000.0,14415500000.0,3141100600.0,2007099900.0,-275897700.0,391000000.0,-229900000.0,393800000.0,-505800000.0,167300000.0,-673100000.0,-677500000.0,-2.62,0.1789,-0.0157,-0.0288,-0.0386,0.0919,2527602300.0,-275897700.0,-2.6078,,-2.6068,,-2.6068,-673100000.0,,-673100000.0,0.144,0.1344,WRK
2020-09-30 00:00:00,17578801000.0,14381600000.0,3197200900.0,2024899900.0,-256197500.0,391000000.0,-266400000.0,393500000.0,-522600000.0,163500000.0,-686100000.0,-691000000.0,-2.66,0.1819,-0.0146,-0.0297,-0.0393,0.0641,2564002500.0,-256197500.0,-2.647,,-2.647,,-2.647,-686100000.0,,-686100000.0,0.1459,0.1178,WRK
2020-06-30 00:00:00,17758900000.0,14296400000.0,3462499800.0,2066199900.0,1288998800.0,,-295400000.0,397200000.0,993600000.0,212800000.0,780800000.0,775800000.0,2.99,0.195,0.0726,0.0559,0.0437,0.058,2793498800.0,1288999300.0,3.0056,,3.0254,,3.0254,780800000.0,,780800000.0,0.1573,0.1267,WRK
2020-03-31 00:00:00,18212600000.0,14531200000.0,3681399900.0,2121299900.0,1438799300.0,,-313000000.0,415900000.0,1125800000.0,271200000.0,854600000.0,849900000.0,3.28,0.2021,0.079,0.0618,0.0467,0.0505,2962899300.0,1438799800.0,3.2958,,3.3179,,3.3179,854600000.0,,854600000.0,0.1627,0.1232,WRK
2019-12-31 00:00:00,18385300000.0,14609100000.0,3776200200.0,2149099900.0,1469699700.0,,-341500000.0,430400000.0,1128200000.0,260600000.0,867600000.0,862200000.0,3.33,0.2054,0.0799,0.0614,0.0469,0.0574,3002999600.0,1469700200.0,3.3476,,3.3739,,3.3739,867600000.0,,867600000.0,0.1633,0.1326,WRK
2019-09-30 00:00:00,18289000000.0,14540000000.0,3748999800.0,2115399900.0,1494399900.0,,-349700000.0,431300000.0,1144700000.0,276800000.0,867900000.0,862800000.0,3.34,0.205,0.0817,0.0626,0.0472,0.058,3005599800.0,1494400400.0,3.3496,,3.3823,,3.3823,867900000.0,,867900000.0,0.1643,0.1263,WRK
2019-06-30 00:00:00,17874000000.0,14271699000.0,3602300300.0,2047699900.0,1427100400.0,,-308700000.0,391300000.0,1118400100.0,282900000.0,835500000.0,831500000.0,3.22,0.2015,0.0798,0.0626,0.0465,0.0556,2869500200.0,1427099900.0,3.2167,,3.2577,,3.2577,835500000.0,,835500000.0,0.1605,0.1228,WRK
2019-03-31 00:00:00,17321500000.0,13840999000.0,3480500500.0,1959199900.0,1390800100.0,,-248000000.0,356900000.0,1142800100.0,289800000.0,853000000.0,847100000.0,3.27,0.2009,0.0803,0.066,0.0489,0.0599,2763299900.0,1390799600.0,3.2764,,3.3307,,3.3307,853000000.0,,853000000.0,0.1595,0.1225,WRK
2018-12-31 00:00:00,16718500000.0,13348199000.0,3370300300.0,1883699900.0,1369399700.0,,-192400000.0,323400000.0,1177000100.0,261400000.0,915600000.0,909900000.0,3.51,0.2016,0.0819,0.0704,0.0544,0.0586,2674499600.0,1369399200.0,3.5148,,3.5764,,3.5764,915600000.0,,915600000.0,0.16,0.119,WRK
2018-09-30 00:00:00,16285100000.0,12923099000.0,3362000500.0,1843199900.0,1187199800.0,,-152400000.0,293800000.0,1034800100.0,-874500000.0,1909300000.0,1905900000.0,7.35,0.2064,0.0729,0.0635,0.117,0.0586,2439399700.0,1187199300.0,7.3492,,7.4728,,7.4728,1909300000.0,,1909300000.0,0.1498,0.1186,WRK
2018-06-30 00:00:00,16109100000.0,12923101000.0,3185999300.0,1877099800.0,1005599700.0,,-99800000.0,279200000.0,905800000.0,-918800000.0,1824600000.0,1822600000.0,7.03,0.1978,0.0624,0.0562,0.1131,0.0199,2241299600.0,1005599700.0,7.0363,,7.1522,,7.1522,1824600000.0,,1824600000.0,0.1391,0.0741,WRK
2018-03-31 00:00:00,15667200000.0,12652801000.0,3014399200.0,1823499800.0,853899700.0,,83400000.0,258600000.0,937300000.0,-942600000.0,1879900000.0,1882500000.0,7.29,0.1924,0.0545,0.0598,0.1202,0.0204,2049399700.0,853899700.0,7.2745,,7.3883,,7.3883,1879900000.0,,1879900000.0,0.1308,0.0715,WRK
2017-12-31 00:00:00,15306500000.0,12406101000.0,2900399400.0,1751199800.0,757000000.0,,78800000.0,233200000.0,835800000.0,-917800000.0,1753600000.0,1762400000.0,6.83,0.1895,0.0495,0.0546,0.1151,0.0284,1900100000.0,757000000.0,6.7977,,6.9026,,6.9026,1753600000.0,,1753600000.0,0.1241,0.0779,WRK
2017-09-30 00:00:00,14859700000.0,12141501000.0,2718199400.0,1686799800.0,783200100.0,,74400000.0,222500000.0,857600000.0,159000000.0,698600000.0,708200000.0,2.77,0.1829,0.0527,0.0577,0.0477,0.0497,1895300200.0,783200100.0,2.7321,,2.77,,2.77,698600000.0,,698600000.0,0.1275,0.0985,WRK
2017-06-30 00:00:00,14410800000.0,11729300000.0,2681499700.0,1602700100.0,428599700.0,,26900000.0,182400000.0,455500000.0,38600000.0,416900000.0,420100000.0,1.64,0.1861,0.0297,0.0316,0.0292,0.0784,937699800.0,428599500.0,1.6325,,1.6111,,1.6589,416900000.0,,411600000.0,0.0651,0.1241,WRK
2017-03-31 00:00:00,14311700000.0,11598400000.0,2713299700.0,1594800100.0,484599500.0,,-164300000.0,190300000.0,320300000.0,77600000.0,242700000.0,184300000.0,0.71,0.1896,0.0339,0.0224,0.0129,0.0725,1101799600.0,484599300.0,0.9432,,0.6864,,0.9634,242700000.0,,178700000.0,0.077,0.1209,WRK
2016-12-31 00:00:00,14148100000.0,11452900000.0,2695199600.0,1591600100.0,448299300.0,,-176900000.0,201400000.0,271400000.0,68500000.0,202900000.0,138100000.0,0.53,0.1905,0.0317,0.0192,0.0098,0.0665,1571099400.0,448299100.0,0.7775,,0.5309,,0.7925,202900000.0,,140300000.0,0.111,0.1189,WRK
2016-09-30 00:00:00,14171800000.0,11413200000.0,2758599600.0,1591200100.0,430299100.0,,-185700000.0,212500000.0,244600000.0,89800000.0,154800000.0,-396300000.0,-1.55,0.1947,0.0304,0.0173,-0.028,0.0651,1572199100.0,430298900.0,0.59,-2.13,-1.5351,-2.16,0.6,154800000.0,-544700000.0,-389900000.0,0.1109,0.1191,WRK
2016-06-30 00:00:00,14176200000.0,11451500000.0,2724700400.0,1569200000.0,733400400.0,,-198900000.0,256800000.0,534500000.0,186000000.0,348500000.0,-188500000.0,-0.74,0.1922,0.0517,0.0377,-0.0133,0.0613,2461800500.0,733399700.0,1.0468,-2.0918,-0.9457,-2.0917,1.0707,348500000.0,-538400000.0,-180300000.0,0.1737,0.1195,WRK
2016-03-31 00:00:00,13118600000.0,10594900000.0,2523700300.0,1421200000.0,710800300.0,,-182200000.0,215400000.0,528600000.0,174600000.0,354000000.0,-124400000.0,0.0,0.1924,0.0542,0.0403,-0.0095,0.0525,2210900300.0,710799600.0,1.5568,-1.8618,-0.1974,-1.8617,1.5807,354000000.0,-479700000.0,-116100000.0,0.1685,0.1089,WRK
2015-12-31 00:00:00,12081500000.0,9758000000.0,2323500400.0,1278300000.0,747400300.0,,-145500000.0,174400000.0,601900000.0,195900000.0,406000000.0,-71500000.0,-0.03,0.1923,0.0619,0.0498,-0.0059,0.0807,1630700400.0,747399600.0,2.1105,-1.739,0.3513,-1.7262,2.1448,406000000.0,-462100000.0,-65500000.0,0.135,0.1429,WRK
2015-09-30 00:00:00,10078600000.0,8076800000.0,2001800400.0,1135100000.0,2112000400.0,,-117100000.0,163200000.0,694600000.0,212000000.0,510000000.0,488000000.0,2.34,0.1986,0.0868,0.0689,0.0484,0.0165,2546700500.0,874999500.0,2.7597,,3.0394,,2.8197,482600000.0,,494200000.0,0.2527,0.0534,WRK
2015-06-30 00:00:00,8993400000.0,7187400000.0,1805999900.0,905700000.0,2153099600.0,,-101400000.0,123500000.0,771700000.0,262000000.0,433700000.0,505500000.0,2.33,0.2008,0.0857,0.0858,0.0562,0.0737,2646799600.0,771099600.0,3.5634,,3.0706,,3.6236,509700000.0,,510700000.0,0.2943,0.1233,WRK
2015-03-31 00:00:00,7776500000.0,6249800000.0,1526700000.0,817900000.0,1972299800.0,,-112800000.0,153900000.0,571500000.0,188700000.0,324800000.0,380100000.0,1.41,0.1963,0.0749,0.0735,0.0489,0.0302,2310999800.0,582299800.0,2.6942,,2.4427,,2.7444,382800000.0,,383800000.0,0.2972,0.0816,WRK
2014-09-30 00:00:00,6698900000.0,5346300000.0,1352599900.0,,3162999800.0,,,169900000.0,505300000.0,171900000.0,,350300000.0,1.66,0.2019,0.0,0.0754,0.0523,-0.0024,3444999700.0,,2.3564,0.282,,0.2948,2.3962,333400000.0,39000000.0,353400000.0,0.5143,0.0346,WRK
2014-06-30 00:00:00,6620900000.0,5364300000.0,1256599900.0,733300000.0,1772999800.0,,-126700000.0,154900000.0,403300000.0,127900000.0,213400000.0,315300000.0,1.44,0.1898,0.0639,0.0609,0.0476,0.0836,2305299700.0,422999800.0,1.9462,,1.7458,,1.9731,275400000.0,,313400000.0,0.3482,0.1656,WRK
2014-03-31 00:00:00,5401000000.0,4438000000.0,963000000.0,667000000.0,1570000000.0,,-135000000.0,170000000.0,185000000.0,45000000.0,159000000.0,193000000.0,1.07,0.1783,0.0626,0.0343,0.0357,-0.0567,1762000000.0,338000000.0,1.0129,0.3589,1.4759,0.3717,1.0257,140000000.0,51000000.0,191000000.0,0.3262,0.0096,WRK
2013-09-30 00:00:00,5474000000.0,4458000000.0,1016000000.0,,2879000000.0,,,155000000.0,243000000.0,67000000.0,,213000000.0,1.17,0.1856,0.0,0.0444,0.0389,-0.0104,3161000000.0,,1.2693,0.2307,,0.2563,1.2821,176000000.0,35000000.0,211000000.0,0.5775,0.0689,WRK
2013-06-30 00:00:00,5519000000.0,4461000000.0,1058000000.0,667000000.0,1647000000.0,,-126000000.0,151000000.0,261000000.0,66000000.0,179000000.0,221000000.0,1.23,0.1917,0.066,0.0473,0.04,-0.0377,1924000000.0,364000000.0,1.3975,0.1794,1.616,0.1922,1.4231,195000000.0,26000000.0,221000000.0,0.3486,0.0583,WRK
2013-03-31 00:00:00,5442000000.0,4348000000.0,1094000000.0,681000000.0,1681000000.0,,-133000000.0,153000000.0,296000000.0,99000000.0,200000000.0,199000000.0,1.12,0.201,0.0783,0.0544,0.0366,-0.0777,1862000000.0,426000000.0,1.4103,0.0256,1.8019,0.0384,1.4359,197000000.0,6000000.0,203000000.0,0.3422,0.0265,WRK
