Date,Revenue,Gross Profit,SG&A Expenses,Operating Income,Non-operating Income/Expense,Non-operating Interest Expenses,Income (Other),EBT,Income Tax Provision,Income after Tax,Net Income Common,EPS (Basic),Gross Margin,EBIT Margin,EBT margin,Net Profit Margin,Free Cash Flow Margin,EBITDA,EBIT,"EPS (Diluted, from Cont. Ops)","EPS (Diluted, from Disc. Ops)","EPS (Basic, Consolidated)","EPS (Basic, from Discontinued Ops)","EPS (Basic, from Continuous Ops)",Income from Continuous Operations,Income from Discontinued Operations,Consolidated Net Income/Loss,EBITDA Margin,Operating Cash Flow Margin,Ticker
2022-09-30 00:00:00,8866000000.0,8850000000.0,5064000000.0,1160000000.0,276000000.0,204000000.0,,1245000000.0,213000000.0,1032000000.0,2823000000.0,22.93,0.9982,0.1308,0.1404,0.3184,0.0468,1742000000.0,1160000000.0,8.47,14.0,22.7931,14.05,8.48,1032000000.0,1806000000.0,1032000000.0,0.1965,0.0696,WTW
2022-06-30 00:00:00,8893000000.0,8870000000.0,5094000000.0,2137000000.0,-735000000.0,200000000.0,,2246000000.0,479000000.0,1767000000.0,3536000000.0,28.22,0.9974,0.2403,0.2526,0.3976,0.198,2742000000.0,2137000000.0,13.9,13.84,28.0786,13.89,13.93,1767000000.0,1786000000.0,1767000000.0,0.3083,0.2192,WTW
2022-03-31 00:00:00,8949000000.0,8930000000.0,5152000000.0,2170000000.0,-807000000.0,201000000.0,,2259000000.0,535000000.0,1724000000.0,3611000000.0,28.67,0.9979,0.2425,0.2524,0.4035,0.2246,2797000000.0,2170000000.0,13.4,14.78,28.4915,14.83,13.44,1724000000.0,1901000000.0,1793000000.0,0.3125,0.2465,WTW
2021-12-31 00:00:00,9011000000.0,8998000000.0,5253000000.0,2202000000.0,-454000000.0,211000000.0,,2692000000.0,536000000.0,2156000000.0,4222000000.0,33.28,0.9986,0.2444,0.2987,0.4685,0.206,2852000000.0,2202000000.0,16.63,16.15,33.0937,16.2,16.68,2156000000.0,2080000000.0,2415000000.0,0.3165,0.2283,WTW
2021-09-30 00:00:00,8439000000.0,8431000000.0,5153000000.0,1782000000.0,-539000000.0,221000000.0,,2250000000.0,440000000.0,1810000000.0,2296000000.0,17.73,0.9991,0.2112,0.2666,0.2721,0.2657,2464000000.0,1782000000.0,13.6977,3.86,17.8326,3.87,13.7516,1810000000.0,502000000.0,2324000000.0,0.292,0.2897,WTW
2021-06-30 00:00:00,8355000000.0,8355000000.0,5136000000.0,717000000.0,508000000.0,232000000.0,,1225000000.0,215000000.0,1010000000.0,1514000000.0,11.66,1.0,0.0858,0.1466,0.1812,0.1473,1426000000.0,717000000.0,7.5277,3.97,11.7401,3.98,7.5616,1010000000.0,517000000.0,1527000000.0,0.1707,0.1741,WTW
2021-03-31 00:00:00,8377000000.0,8377000000.0,5182000000.0,710000000.0,500000000.0,242000000.0,,1210000000.0,215000000.0,995000000.0,1424000000.0,10.97,1.0,0.0848,0.1444,0.17,0.1632,1435000000.0,710000000.0,7.4323,3.4551,11.1,3.4653,7.4623,995000000.0,449000000.0,1443000000.0,0.1713,0.1937,WTW
2020-12-31 00:00:00,8615000000.0,8615000000.0,5157000000.0,859000000.0,152000000.0,244000000.0,,1011000000.0,249000000.0,762000000.0,996000000.0,7.69,1.0,0.0997,0.1174,0.1156,0.1727,1629000000.0,859000000.0,5.67,2.0218,7.8462,2.0319,5.69,762000000.0,260000000.0,1020000000.0,0.1891,0.2059,WTW
2020-09-30 00:00:00,8497000000.0,8497000000.0,5015000000.0,1001000000.0,127000000.0,246000000.0,,1128000000.0,267000000.0,861000000.0,1064000000.0,8.22,1.0,0.1178,0.1328,0.1252,0.1586,1777000000.0,1001000000.0,6.3869,0.0618,8.3754,0.0619,6.413,861000000.0,5000000.0,1088000000.0,0.2091,0.1962,WTW
2020-06-30 00:00:00,8589000000.0,8589000000.0,5060000000.0,1042000000.0,25000000.0,247000000.0,,1067000000.0,245000000.0,822000000.0,1018000000.0,7.87,1.0,0.1213,0.1242,0.1185,0.1332,1813000000.0,1042000000.0,6.0923,,8.0523,,6.1184,822000000.0,,1046000000.0,0.2111,0.1703,WTW
2020-03-31 00:00:00,8524000000.0,8524000000.0,4975000000.0,1055000000.0,22000000.0,241000000.0,,1077000000.0,208000000.0,869000000.0,1062000000.0,8.2,1.0,0.1238,0.1263,0.1246,0.0984,1822000000.0,1055000000.0,6.4539,,8.4078,,6.4739,869000000.0,,1093000000.0,0.2137,0.135,WTW
2019-12-31 00:00:00,8370000000.0,8370000000.0,4929000000.0,1054000000.0,-8000000.0,234000000.0,,1046000000.0,197000000.0,849000000.0,1044000000.0,8.05,1.0,0.1259,0.125,0.1247,0.0927,1783000000.0,1054000000.0,6.3,,8.2539,,6.32,849000000.0,,1073000000.0,0.213,0.1292,WTW
2019-09-30 00:00:00,8721000000.0,8721000000.0,5142000000.0,1112000000.0,12000000.0,226000000.0,,1124000000.0,219000000.0,905000000.0,878000000.0,6.76,1.0,0.1275,0.1289,0.1007,0.1034,1832000000.0,1112000000.0,6.9332,,6.9682,,6.9682,905000000.0,,905000000.0,0.2101,0.1367,WTW
2019-06-30 00:00:00,8591000000.0,8591000000.0,5097000000.0,1022000000.0,38000000.0,215000000.0,,1060000000.0,189000000.0,871000000.0,847000000.0,6.52,1.0,0.119,0.1234,0.0986,0.1031,1747000000.0,1022000000.0,6.6663,,6.7039,,6.7039,871000000.0,,871000000.0,0.2034,0.1392,WTW
2019-03-31 00:00:00,8533000000.0,8533000000.0,5094000000.0,909000000.0,38000000.0,211000000.0,,947000000.0,160000000.0,787000000.0,767000000.0,5.9,1.0,0.1065,0.111,0.0899,0.1061,1645000000.0,909000000.0,6.0088,,6.0501,,6.0501,787000000.0,,787000000.0,0.1928,0.1433,WTW
2018-12-31 00:00:00,8513000000.0,8513000000.0,5123000000.0,809000000.0,42000000.0,208000000.0,,851000000.0,136000000.0,715000000.0,695000000.0,5.31,1.0,0.095,0.1,0.0816,0.1135,1556000000.0,809000000.0,5.4167,,5.458,,5.458,715000000.0,,715000000.0,0.1828,0.1513,WTW
2018-09-30 00:00:00,8219000000.0,8219000000.0,5181000000.0,419000000.0,26000000.0,203000000.0,,454000000.0,-131000000.0,585000000.0,562000000.0,4.25,1.0,0.051,0.0552,0.0684,0.0906,1208000000.0,419000000.0,4.4048,,4.4226,,4.4226,585000000.0,,585000000.0,0.147,0.1293,WTW
2018-06-30 00:00:00,8212000000.0,8212000000.0,5155000000.0,376000000.0,-5000000.0,199000000.0,,383000000.0,-102000000.0,485000000.0,464000000.0,3.51,1.0,0.0458,0.0466,0.0565,0.0737,1182000000.0,376000000.0,3.6533,,3.6685,,3.6685,485000000.0,,485000000.0,0.1439,0.1142,WTW
2018-03-31 00:00:00,8175000000.0,8175000000.0,5091000000.0,374000000.0,-19000000.0,193000000.0,,358000000.0,-103000000.0,461000000.0,439000000.0,3.31,1.0,0.0457,0.0438,0.0537,0.057,1196000000.0,374000000.0,3.4639,,3.4776,,3.4776,461000000.0,,461000000.0,0.1463,0.096,WTW
2017-12-31 00:00:00,8202000000.0,8202000000.0,4967000000.0,516000000.0,,188000000.0,,492000000.0,-100000000.0,592000000.0,568000000.0,4.19,1.0,0.0629,0.06,0.0693,0.0663,1349000000.0,516000000.0,4.3529,,4.3852,,4.3852,592000000.0,,592000000.0,0.1645,0.1051,WTW
2017-09-30 00:00:00,8051000000.0,8051000000.0,5009000000.0,321000000.0,134000000.0,185000000.0,,455000000.0,-34000000.0,489000000.0,465000000.0,2.59,1.0,0.0399,0.0565,0.0578,0.0606,1125000000.0,321000000.0,3.5012,,3.5279,,3.5279,487000000.0,,487000000.0,0.1397,0.1027,WTW
2017-06-30 00:00:00,7976000000.0,7976000000.0,4916000000.0,348000000.0,84000000.0,183000000.0,,432000000.0,-79000000.0,511000000.0,487000000.0,2.76,1.0,0.0436,0.0542,0.0611,0.0621,1156000000.0,348000000.0,3.6796,,3.7063,,3.7063,510000000.0,,510000000.0,0.1449,0.1023,WTW
2017-03-31 00:00:00,7972000000.0,7972000000.0,4906000000.0,423000000.0,55000000.0,184000000.0,,478000000.0,-68000000.0,546000000.0,526000000.0,3.04,1.0,0.0531,0.06,0.066,0.0745,1191000000.0,423000000.0,3.9232,,3.9516,,3.9516,545000000.0,,545000000.0,0.1494,0.114,WTW
2016-12-31 00:00:00,7887000000.0,7887000000.0,4849000000.0,348000000.0,-6000000.0,184000000.0,,342000000.0,-96000000.0,438000000.0,420000000.0,2.3,1.0,0.0441,0.0434,0.0533,0.0798,1117000000.0,348000000.0,3.174,,3.1971,,3.1971,438000000.0,,438000000.0,0.1416,0.1183,WTW
2016-09-30 00:00:00,6934000000.0,6934000000.0,4121000000.0,465000000.0,-174000000.0,177000000.0,-1000000.0,291000000.0,15000000.0,276000000.0,254000000.0,1.7,1.0,0.0671,0.042,0.0366,0.0708,1088000000.0,465000000.0,1.8589,,1.8723,,1.8723,272000000.0,,272000000.0,0.1569,0.1085,WTW
2016-06-30 00:00:00,6003000000.0,6003000000.0,3572000000.0,491000000.0,-141000000.0,167000000.0,,350000000.0,-71000000.0,421000000.0,403000000.0,3.6519,1.0,0.0818,0.0583,0.0671,0.0733,960000000.0,491000000.0,3.7647,,3.8028,,3.8028,419000000.0,,419000000.0,0.1599,0.1121,WTW
2016-03-31 00:00:00,4976000000.0,4976000000.0,2932000000.0,460000000.0,-112000000.0,155000000.0,-4000000.0,348000000.0,-71000000.0,419000000.0,401000000.0,4.165,1.0,0.0924,0.0699,0.0806,0.0466,799000000.0,460000000.0,4.2653,,4.3148,,4.3148,415000000.0,,415000000.0,0.1606,0.0858,WTW
2015-12-31 00:00:00,3829000000.0,3829000000.0,2303000000.0,427000000.0,-87000000.0,142000000.0,11000000.0,340000000.0,-33000000.0,373000000.0,373000000.0,5.5043,1.0,0.1115,0.0888,0.0974,0.0256,598000000.0,427000000.0,5.5652,,5.6471,,5.6471,384000000.0,,384000000.0,0.1562,0.0637,WTW
2015-09-30 00:00:00,3813000000.0,3813000000.0,2298000000.0,564000000.0,-93000000.0,137000000.0,12000000.0,471000000.0,-2000000.0,473000000.0,473000000.0,6.9934,1.0,0.1479,0.1235,0.124,0.0454,717000000.0,564000000.0,7.0931,,7.1879,,7.1879,485000000.0,,485000000.0,0.188,0.081,WTW
2015-06-30 00:00:00,3779000000.0,3779000000.0,2297000000.0,571000000.0,-110000000.0,136000000.0,12000000.0,461000000.0,112000000.0,349000000.0,349000000.0,5.1655,1.0,0.1511,0.122,0.0924,0.0593,715000000.0,571000000.0,5.2928,,5.3629,,5.3629,361000000.0,,361000000.0,0.1892,0.0879,WTW
2015-03-31 00:00:00,3792000000.0,3792000000.0,2311000000.0,614000000.0,-136000000.0,136000000.0,11000000.0,478000000.0,152000000.0,326000000.0,326000000.0,4.8211,1.0,0.1619,0.1261,0.086,0.0789,758000000.0,614000000.0,4.9479,,5.0144,,5.0144,337000000.0,,337000000.0,0.1999,0.1076,WTW
2014-12-31 00:00:00,3802000000.0,3802000000.0,2314000000.0,647000000.0,-129000000.0,135000000.0,14000000.0,518000000.0,159000000.0,359000000.0,362000000.0,5.3509,1.0,0.1702,0.1362,0.0952,0.0957,793000000.0,647000000.0,5.4852,,5.567,,5.567,373000000.0,,373000000.0,0.2086,0.1255,WTW
2014-09-30 00:00:00,3763000000.0,3763000000.0,2283000000.0,653000000.0,-139000000.0,134000000.0,18000000.0,514000000.0,158000000.0,356000000.0,354000000.0,5.2184,1.0,0.1735,0.1366,0.0941,0.0954,809000000.0,653000000.0,5.312,,5.3728,,5.4467,364000000.0,,364000000.0,0.215,0.1265,WTW
2014-06-30 00:00:00,3746000000.0,3746000000.0,2255000000.0,689000000.0,-181000000.0,130000000.0,12000000.0,508000000.0,167000000.0,341000000.0,334000000.0,4.927,1.0,0.1839,0.1356,0.0892,0.1228,843000000.0,689000000.0,5.0337,,5.0878,,5.1684,345000000.0,,345000000.0,0.225,0.1538,WTW
2014-03-31 00:00:00,3701000000.0,3701000000.0,2209000000.0,708000000.0,-171000000.0,127000000.0,30000000.0,537000000.0,137000000.0,400000000.0,392000000.0,5.8277,1.0,0.1913,0.1451,0.1059,0.1127,859000000.0,708000000.0,5.898,,5.9972,,6.0475,404000000.0,,404000000.0,0.2321,0.1424,WTW
2013-12-31 00:00:00,3655000000.0,3655000000.0,2207000000.0,663000000.0,-164000000.0,126000000.0,,499000000.0,122000000.0,377000000.0,365000000.0,5.5628,1.0,0.1814,0.1365,0.0999,0.1239,818000000.0,663000000.0,5.5441,,5.7121,,5.712,377000000.0,,377000000.0,0.2238,0.1535,WTW
2013-09-30 00:00:00,3607000000.0,3607000000.0,2605000000.0,-273000000.0,-153000000.0,124000000.0,4000000.0,-426000000.0,75000000.0,-501000000.0,-508000000.0,-7.7618,1.0,-0.0757,-0.1181,-0.1408,0.1297,128000000.0,-273000000.0,-7.9102,,-7.6144,,-7.8774,-497000000.0,,-498000000.0,0.0355,0.1611,WTW
2013-06-30 00:00:00,3566000000.0,3566000000.0,2566000000.0,-273000000.0,-100000000.0,126000000.0,3000000.0,-373000000.0,74000000.0,-447000000.0,-455000000.0,-6.967,1.0,-0.0766,-0.1046,-0.1276,0.1091,175000000.0,-273000000.0,-7.1192,,-6.8122,,-7.0819,-444000000.0,,-445000000.0,0.0491,0.1413,WTW
2013-03-31 00:00:00,3518000000.0,3518000000.0,2537000000.0,-261000000.0,-105000000.0,127000000.0,5000000.0,-366000000.0,81000000.0,-447000000.0,-452000000.0,-6.914,1.0,-0.0742,-0.104,-0.1285,0.1097,239000000.0,-261000000.0,-7.0415,,-6.7476,,-7.0023,-442000000.0,,-442000000.0,0.0679,0.1427,WTW
2012-12-31 00:00:00,3480000000.0,3480000000.0,2475000000.0,-225000000.0,-112000000.0,128000000.0,5000000.0,-337000000.0,101000000.0,-438000000.0,-446000000.0,-6.861,1.0,-0.0647,-0.0968,-0.1282,0.1135,329000000.0,-225000000.0,-6.8344,,-6.6302,,-6.8345,-433000000.0,,-433000000.0,0.0945,0.1509,WTW
