Date,Revenue,Cost of Revenue,Gross Profit,R&D Expenses,SG&A Expenses,Operating Income,Non-operating Income/Expense,Non-operating Interest Expenses,EBT,Income Tax Provision,Income after Tax,Net Income Common,EPS (Basic),Gross Margin,EBIT Margin,EBT margin,Net Profit Margin,Free Cash Flow Margin,EBITDA,EBIT,"EPS (Diluted, from Cont. Ops)","EPS (Diluted, from Disc. Ops)","EPS (Basic, Consolidated)","EPS (Basic, from Discontinued Ops)","EPS (Basic, from Continuous Ops)",Income from Continuous Operations,Income from Discontinued Operations,Consolidated Net Income/Loss,EBITDA Margin,Operating Cash Flow Margin,Ticker
2022-09-30 00:00:00,10567000000.0,6631000000.0,3936000000.0,,504000000.0,3457000000.0,269000000.0,281000000.0,2867000000.0,582000000.0,2285000000.0,2285000000.0,3.06,0.3725,0.3272,0.2713,0.2162,0.2551,3938000000.0,3457000000.0,3.059,,3.0645,,3.0645,2285000000.0,,2285000000.0,0.3727,0.2989,WY
2022-06-30 00:00:00,10636000000.0,6526000000.0,4110000000.0,,502000000.0,3649000000.0,272000000.0,293000000.0,3046000000.0,589000000.0,2457000000.0,2457000000.0,3.28,0.3864,0.3431,0.2864,0.231,0.2496,4129000000.0,3649000000.0,3.282,,3.2882,,3.2882,2457000000.0,,2457000000.0,0.3882,0.3061,WY
2022-03-31 00:00:00,10807000000.0,6320000000.0,4487000000.0,,496000000.0,4031000000.0,191000000.0,306000000.0,3426000000.0,729000000.0,2697000000.0,2697000000.0,3.59,0.4152,0.373,0.317,0.2496,0.2739,4512000000.0,4031000000.0,3.593,,3.6002,,3.6002,2697000000.0,,2697000000.0,0.4175,0.3163,WY
2021-12-31 00:00:00,10201000000.0,6103000000.0,4098000000.0,,491000000.0,3643000000.0,-175000000.0,313000000.0,3316000000.0,709000000.0,2607000000.0,2607000000.0,3.47,0.4017,0.3571,0.3251,0.2556,0.2664,4120000000.0,3643000000.0,3.4714,,3.4784,,3.4784,2607000000.0,,2607000000.0,0.4039,0.3097,WY
2021-09-30 00:00:00,10058000000.0,5994000000.0,4064000000.0,,465000000.0,3751000000.0,-564000000.0,380000000.0,3099000000.0,616000000.0,2483000000.0,2483000000.0,3.31,0.4041,0.3729,0.3081,0.2469,0.2788,4224000000.0,3751000000.0,3.3077,,3.3135,,3.3135,2483000000.0,,2483000000.0,0.42,0.3091,WY
2021-06-30 00:00:00,9823000000.0,5795000000.0,4028000000.0,,461000000.0,3612000000.0,-687000000.0,412000000.0,2925000000.0,641000000.0,2284000000.0,2284000000.0,3.05,0.4101,0.3677,0.2978,0.2325,0.2685,4082000000.0,3612000000.0,3.0444,,3.0498,,3.0498,2284000000.0,,2284000000.0,0.4156,0.3113,WY
2021-03-31 00:00:00,8310000000.0,5495000000.0,2815000000.0,,444000000.0,2426000000.0,-721000000.0,437000000.0,1705000000.0,377000000.0,1328000000.0,1328000000.0,1.78,0.3387,0.2919,0.2052,0.1598,0.2256,2893000000.0,2426000000.0,1.7729,,1.7758,,1.7758,1328000000.0,,1328000000.0,0.3481,0.2576,WY
2020-12-31 00:00:00,7532000000.0,5447000000.0,2085000000.0,,430000000.0,1710000000.0,-728000000.0,443000000.0,982000000.0,185000000.0,797000000.0,797000000.0,1.07,0.2768,0.227,0.1304,0.1058,0.1657,2182000000.0,1710000000.0,1.0657,,1.0671,,1.0671,797000000.0,,797000000.0,0.2897,0.203,WY
2020-09-30 00:00:00,7017000000.0,5356000000.0,1661000000.0,,432000000.0,1082000000.0,-424000000.0,388000000.0,658000000.0,167000000.0,491000000.0,491000000.0,0.66,0.2367,0.1542,0.0938,0.07,0.1475,1565000000.0,1082000000.0,0.6564,,0.6569,,0.6569,491000000.0,,491000000.0,0.223,0.1962,WY
2020-06-30 00:00:00,6578000000.0,5365000000.0,1213000000.0,,419000000.0,774000000.0,-406000000.0,368000000.0,368000000.0,61000000.0,307000000.0,307000000.0,0.41,0.1844,0.1177,0.0559,0.0467,0.1043,1277000000.0,774000000.0,0.4109,,0.4108,,0.4108,307000000.0,,307000000.0,0.1941,0.1613,WY
2020-03-31 00:00:00,6639000000.0,5472000000.0,1167000000.0,,418000000.0,717000000.0,-390000000.0,356000000.0,327000000.0,-36000000.0,363000000.0,363000000.0,0.48,0.1758,0.108,0.0493,0.0547,0.1014,1227000000.0,717000000.0,0.486,,0.4861,,0.4861,363000000.0,,363000000.0,0.1848,0.1606,WY
2019-12-31 00:00:00,6554000000.0,5412000000.0,1142000000.0,,432000000.0,651000000.0,-864000000.0,378000000.0,-213000000.0,-137000000.0,-76000000.0,-76000000.0,-0.11,0.1742,0.0993,-0.0325,-0.0116,0.0888,1161000000.0,651000000.0,-0.1019,,-0.1019,,-0.1019,-76000000.0,,-76000000.0,0.1771,0.1474,WY
2019-09-30 00:00:00,6642000000.0,5456000000.0,1186000000.0,6000000.0,420000000.0,739000000.0,-1053000000.0,386000000.0,-314000000.0,-159000000.0,-155000000.0,-155000000.0,-0.21,0.1786,0.1113,-0.0473,-0.0233,0.0875,1246000000.0,739000000.0,-0.2024,,-0.2028,,-0.2028,-155000000.0,,-155000000.0,0.1876,0.1454,WY
2019-06-30 00:00:00,6881000000.0,5509000000.0,1372000000.0,7000000.0,413000000.0,874000000.0,-1050000000.0,388000000.0,-176000000.0,-177000000.0,1000000.0,1000000.0,0.0,0.1994,0.127,-0.0256,0.0001,0.0536,1368000000.0,874000000.0,0.0017,,0.0022,,0.0022,1000000.0,,1000000.0,0.1988,0.1106,WY
2019-03-31 00:00:00,7254000000.0,5566000000.0,1688000000.0,7000000.0,415000000.0,1164000000.0,-1049000000.0,389000000.0,115000000.0,-75000000.0,190000000.0,190000000.0,0.25,0.2327,0.1605,0.0159,0.0262,0.0768,1653000000.0,1164000000.0,0.247,,0.2488,,0.2488,190000000.0,,190000000.0,0.2279,0.1326,WY
2018-12-31 00:00:00,7476000000.0,5592000000.0,1884000000.0,8000000.0,406000000.0,1394000000.0,-587000000.0,375000000.0,807000000.0,59000000.0,748000000.0,748000000.0,0.99,0.252,0.1865,0.1079,0.1001,0.0916,1880000000.0,1394000000.0,0.9883,,0.9913,,0.9913,748000000.0,,748000000.0,0.2515,0.1487,WY
2018-09-30 00:00:00,7663000000.0,5563000000.0,2100000000.0,8000000.0,395000000.0,1693000000.0,-398000000.0,374000000.0,1295000000.0,183000000.0,1112000000.0,1112000000.0,1.47,0.274,0.2209,0.169,0.1451,0.0667,2181000000.0,1693000000.0,1.4654,,1.4708,,1.4708,1112000000.0,,1112000000.0,0.2846,0.1532,WY
2018-06-30 00:00:00,7625000000.0,5485000000.0,2140000000.0,10000000.0,394000000.0,1561000000.0,-403000000.0,379000000.0,1158000000.0,171000000.0,987000000.0,987000000.0,1.3,0.2807,0.2047,0.1519,0.1294,0.1545,2059000000.0,1561000000.0,1.3005,,1.3055,,1.3055,987000000.0,,987000000.0,0.27,0.1849,WY
2018-03-31 00:00:00,7368000000.0,5374000000.0,1994000000.0,12000000.0,389000000.0,1242000000.0,-408000000.0,387000000.0,834000000.0,140000000.0,694000000.0,694000000.0,0.91,0.2706,0.1686,0.1132,0.0942,0.1455,1750000000.0,1242000000.0,0.9154,,0.9191,,0.9191,694000000.0,,694000000.0,0.2375,0.1767,WY
2017-12-31 00:00:00,7196000000.0,5298000000.0,1898000000.0,14000000.0,397000000.0,1131000000.0,-415000000.0,393000000.0,716000000.0,134000000.0,582000000.0,582000000.0,0.77,0.2638,0.1572,0.0995,0.0809,0.1369,1652000000.0,1131000000.0,0.7692,,0.7728,,0.7728,582000000.0,,582000000.0,0.2296,0.1669,WY
2017-09-30 00:00:00,6969000000.0,5260000000.0,1709000000.0,17000000.0,411000000.0,829000000.0,-400000000.0,405000000.0,429000000.0,56000000.0,373000000.0,862000000.0,1.15,0.2452,0.119,0.0616,0.1237,0.0408,1360000000.0,829000000.0,0.5115,,1.1857,,0.5035,373000000.0,,862000000.0,0.1951,0.0999,WY
2017-06-30 00:00:00,6806000000.0,5214000000.0,1592000000.0,18000000.0,416000000.0,885000000.0,-375000000.0,421000000.0,510000000.0,105000000.0,405000000.0,959000000.0,1.28,0.2339,0.13,0.0749,0.1409,0.0216,1423000000.0,885000000.0,0.5497,,1.316,,0.551,405000000.0,,959000000.0,0.2091,0.1058,WY
2017-03-31 00:00:00,6653000000.0,5149000000.0,1504000000.0,18000000.0,434000000.0,976000000.0,-363000000.0,435000000.0,613000000.0,102000000.0,511000000.0,1092000000.0,1.46,0.2261,0.1467,0.0921,0.1641,0.0233,1532000000.0,976000000.0,0.678,,1.5102,,0.6791,511000000.0,,1103000000.0,0.2303,0.1087,WY
2016-12-31 00:00:00,6365000000.0,4980000000.0,1385000000.0,19000000.0,427000000.0,822000000.0,-318000000.0,431000000.0,504000000.0,89000000.0,415000000.0,1005000000.0,1.36,0.2176,0.1291,0.0792,0.1579,0.0353,1387000000.0,822000000.0,0.55,0.84,1.4293,0.85,0.55,415000000.0,612000000.0,1027000000.0,0.2179,0.1155,WY
2016-09-30 00:00:00,5588000000.0,4340000000.0,1248000000.0,18000000.0,403000000.0,726000000.0,-288000000.0,409000000.0,438000000.0,32000000.0,406000000.0,513000000.0,0.73,0.2233,0.1299,0.0784,0.0918,0.1983,1274000000.0,726000000.0,0.5185,0.19,0.7939,0.19,0.517,406000000.0,140000000.0,546000000.0,0.228,0.2192,WY
2016-06-30 00:00:00,5234000000.0,4085000000.0,1149000000.0,17000000.0,380000000.0,631000000.0,-289000000.0,382000000.0,342000000.0,-34000000.0,376000000.0,466000000.0,0.78,0.2195,0.1206,0.0653,0.089,0.1473,1158000000.0,631000000.0,0.5385,0.22,0.8625,0.22,0.537,376000000.0,134000000.0,510000000.0,0.2212,0.2216,WY
2016-03-31 00:00:00,4924000000.0,3871000000.0,1053000000.0,18000000.0,351000000.0,583000000.0,-278000000.0,353000000.0,305000000.0,-66000000.0,371000000.0,442000000.0,0.83,0.2139,0.1184,0.0619,0.0898,0.1271,1081000000.0,583000000.0,0.5985,0.21,0.9151,0.21,0.597,371000000.0,115000000.0,486000000.0,0.2195,0.2102,WY
2015-12-31 00:00:00,5246000000.0,4153000000.0,1093000000.0,18000000.0,351000000.0,644000000.0,-291000000.0,341000000.0,353000000.0,-58000000.0,411000000.0,462000000.0,0.89,0.2083,0.1228,0.0673,0.0881,0.106,1123000000.0,644000000.0,0.71,0.48,0.9799,0.47,0.71,411000000.0,307000000.0,506000000.0,0.2141,0.2049,WY
2015-09-30 00:00:00,4301000000.0,3334000000.0,967000000.0,15000000.0,339000000.0,527000000.0,-307000000.0,339000000.0,220000000.0,-103000000.0,323000000.0,569000000.0,1.1,0.2248,0.1225,0.0512,0.1323,0.1407,1011000000.0,527000000.0,0.5915,2.26,1.1066,2.26,0.603,323000000.0,1256000000.0,613000000.0,0.2351,0.2467,WY
2015-06-30 00:00:00,4861000000.0,3765000000.0,1096000000.0,16000000.0,361000000.0,679000000.0,-310000000.0,340000000.0,369000000.0,-20000000.0,389000000.0,1542000000.0,2.92,0.2255,0.1397,0.0759,0.3172,0.143,1168000000.0,679000000.0,0.7115,2.18,2.9235,2.19,0.713,389000000.0,1219000000.0,1586000000.0,0.2403,0.2329,WY
2015-03-31 00:00:00,5480000000.0,4207000000.0,1273000000.0,18000000.0,389000000.0,879000000.0,-306000000.0,338000000.0,573000000.0,40000000.0,533000000.0,1689000000.0,3.14,0.2323,0.1604,0.1046,0.3082,0.1181,1376000000.0,879000000.0,0.9215,,3.1413,,0.933,533000000.0,,1733000000.0,0.2511,0.1984,WY
2014-12-31 00:00:00,5489000000.0,4183000000.0,1306000000.0,20000000.0,403000000.0,987000000.0,-300000000.0,338000000.0,687000000.0,71000000.0,616000000.0,1782000000.0,3.28,0.2379,0.1798,0.1252,0.3246,0.1352,1487000000.0,987000000.0,1.02,2.16,3.28,2.17,1.03,616000000.0,1210000000.0,1826000000.0,0.2709,0.202,WY
2014-09-30 00:00:00,7187000000.0,5615000000.0,1572000000.0,29000000.0,435000000.0,868000000.0,-325000000.0,367000000.0,543000000.0,-124000000.0,667000000.0,1659000000.0,3.03,0.2187,0.1208,0.0756,0.2308,0.108,1372000000.0,868000000.0,1.0686,1.93,3.1018,1.95,1.0759,667000000.0,1036000000.0,1703000000.0,0.1909,0.1575,WY
2014-06-30 00:00:00,7129000000.0,5590000000.0,1539000000.0,32000000.0,464000000.0,793000000.0,-317000000.0,373000000.0,476000000.0,-139000000.0,615000000.0,663000000.0,1.13,0.2159,0.1112,0.0668,0.093,0.1112,1294000000.0,793000000.0,0.9486,0.17,1.2,0.17,0.9559,615000000.0,91000000.0,706000000.0,0.1815,0.1574,WY
2014-03-31 00:00:00,7039000000.0,5544000000.0,1495000000.0,33000000.0,476000000.0,686000000.0,-317000000.0,370000000.0,369000000.0,-162000000.0,531000000.0,579000000.0,1.0,0.2124,0.0975,0.0524,0.0823,0.1274,1172000000.0,686000000.0,0.8486,0.15,1.0616,0.15,0.8459,531000000.0,82000000.0,613000000.0,0.1665,0.1668,WY
2013-12-31 00:00:00,7254000000.0,5716000000.0,1538000000.0,33000000.0,529000000.0,634000000.0,-314000000.0,369000000.0,320000000.0,-171000000.0,491000000.0,540000000.0,0.95,0.212,0.0874,0.0441,0.0744,0.1008,1106000000.0,634000000.0,0.82,0.1281,0.994,0.1281,0.82,491000000.0,96000000.0,563000000.0,0.1525,0.1384,WY
2013-09-30 00:00:00,6612000000.0,5228000000.0,1384000000.0,32000000.0,476000000.0,931000000.0,-290000000.0,340000000.0,641000000.0,96000000.0,545000000.0,640000000.0,1.14,0.2093,0.1408,0.0969,0.0968,0.1025,1392000000.0,931000000.0,0.9541,0.0981,1.1715,0.0981,0.9546,545000000.0,45000000.0,651000000.0,0.2105,0.1373,WY
2013-06-30 00:00:00,6527000000.0,5173000000.0,1354000000.0,32000000.0,502000000.0,890000000.0,-289000000.0,333000000.0,601000000.0,85000000.0,516000000.0,600000000.0,1.09,0.2074,0.1364,0.0921,0.0919,0.0671,1343000000.0,890000000.0,0.9398,0.0381,1.102,0.0381,0.9416,516000000.0,25000000.0,601000000.0,0.2058,0.1053,WY
2013-03-31 00:00:00,6446000000.0,5236000000.0,1210000000.0,32000000.0,517000000.0,773000000.0,-292000000.0,339000000.0,481000000.0,66000000.0,415000000.0,488000000.0,0.9,0.1877,0.1199,0.0746,0.0757,0.0482,1228000000.0,773000000.0,0.7653,,0.9,,0.7677,415000000.0,,487000000.0,0.1905,0.09,WY
2012-12-31 00:00:00,5989000000.0,4993000000.0,996000000.0,32000000.0,498000000.0,618000000.0,-296000000.0,344000000.0,322000000.0,10000000.0,312000000.0,385000000.0,0.72,0.1663,0.1032,0.0538,0.0643,0.0494,1074000000.0,618000000.0,0.5799,,0.7122,,0.5799,312000000.0,,384000000.0,0.1793,0.097,WY
