Date,Revenue,Cost of Revenue,Gross Profit,SG&A Expenses,Operating Income,Interest Expense (Operating),Non-operating Income/Expense,Non-operating Interest Expenses,EBT,Income Tax Provision,Income after Tax,Net Income Common,EPS (Basic),Gross Margin,EBIT Margin,EBT margin,Net Profit Margin,Free Cash Flow Margin,EBITDA,EBIT,"EPS (Diluted, from Cont. Ops)","EPS (Diluted, from Disc. Ops)","EPS (Basic, Consolidated)","EPS (Basic, from Discontinued Ops)","EPS (Basic, from Continuous Ops)",Income from Continuous Operations,Income from Discontinued Operations,Consolidated Net Income/Loss,EBITDA Margin,Operating Cash Flow Margin,Ticker
2022-09-30 00:00:00,6713000000.0,3478000000.0,3235000000.0,2778000000.0,2111000000.0,509000000.0,87000000.0,518000000.0,1642000000.0,358000000.0,1284000000.0,1284000000.0,3.81,0.4819,0.3145,0.2446,0.1913,0.1697,2288000000.0,2111000000.0,4.3867,,4.4493,,4.4493,1284000000.0,,1284000000.0,0.3408,0.2069,YUM
2022-06-30 00:00:00,6679000000.0,3479000000.0,3200000000.0,2374000000.0,2092000000.0,511000000.0,122000000.0,520000000.0,1646000000.0,165000000.0,1481000000.0,1481000000.0,4.99,0.4791,0.3132,0.2464,0.2217,0.1815,2267000000.0,2092000000.0,4.9897,,5.0717,,5.0717,1481000000.0,,1481000000.0,0.3394,0.2178,YUM
2022-03-31 00:00:00,6645000000.0,3056000000.0,3589000000.0,2326000000.0,2105000000.0,531000000.0,-56000000.0,531000000.0,1663000000.0,15000000.0,1648000000.0,1648000000.0,5.53,0.5401,0.3168,0.2503,0.248,0.2119,2302000000.0,2105000000.0,5.5035,,5.6006,,5.6006,1648000000.0,,1648000000.0,0.3464,0.246,YUM
2021-12-31 00:00:00,6584000000.0,2653000000.0,3931000000.0,2261000000.0,2139000000.0,544000000.0,-207000000.0,544000000.0,1674000000.0,99000000.0,1575000000.0,1575000000.0,5.26,0.5971,0.3249,0.2543,0.2392,0.2242,2348000000.0,2139000000.0,5.2153,,5.3031,,5.3031,1575000000.0,,1575000000.0,0.3566,0.2591,YUM
2021-09-30 00:00:00,6437000000.0,2096000000.0,4341000000.0,2171000000.0,2119000000.0,544000000.0,-371000000.0,548000000.0,1619000000.0,42000000.0,1577000000.0,1577000000.0,5.25,0.6744,0.3292,0.2515,0.245,0.24,2281000000.0,2119000000.0,5.1848,,5.2837,,5.2837,1577000000.0,,1577000000.0,0.3544,0.2709,YUM
2021-06-30 00:00:00,6279000000.0,1668000000.0,4611000000.0,2488000000.0,2063000000.0,575000000.0,-579000000.0,583000000.0,1484000000.0,152000000.0,1332000000.0,1332000000.0,4.44,0.7344,0.3286,0.2363,0.2121,0.2451,2234000000.0,2063000000.0,4.3583,,4.4339,,4.4339,1332000000.0,,1332000000.0,0.3558,0.2733,YUM
2021-03-31 00:00:00,5875000000.0,1600000000.0,4275000000.0,2409000000.0,1796000000.0,548000000.0,-462000000.0,556000000.0,1334000000.0,187000000.0,1147000000.0,1147000000.0,3.81,0.7277,0.3057,0.2271,0.1952,0.2078,1954000000.0,1796000000.0,3.7431,,3.8017,,3.8017,1147000000.0,,1147000000.0,0.3326,0.2368,YUM
2020-12-31 00:00:00,5652000000.0,1506000000.0,4146000000.0,2378000000.0,1503000000.0,535000000.0,-483000000.0,543000000.0,1020000000.0,116000000.0,904000000.0,904000000.0,3.0,0.7335,0.2659,0.1805,0.1599,0.2026,1649000000.0,1503000000.0,2.9446,,2.9934,,2.9934,904000000.0,,904000000.0,0.2918,0.2309,YUM
2020-09-30 00:00:00,5603000000.0,1431000000.0,4172000000.0,2338000000.0,1567000000.0,542000000.0,-502000000.0,543000000.0,1065000000.0,5000000.0,1060000000.0,1060000000.0,3.51,0.7446,0.2797,0.1901,0.1892,0.1961,1695000000.0,1567000000.0,3.4306,,3.4921,,3.4921,1060000000.0,,1060000000.0,0.3025,0.2293,YUM
2020-06-30 00:00:00,5494000000.0,1324000000.0,4170000000.0,2301000000.0,1576000000.0,,-527000000.0,502000000.0,1049000000.0,17000000.0,1032000000.0,1032000000.0,3.4,0.759,0.2869,0.1909,0.1878,0.1873,1687000000.0,1576000000.0,3.3235,,3.3914,,3.3914,1032000000.0,,1032000000.0,0.3071,0.2213,YUM
2020-03-31 00:00:00,5606000000.0,1261000000.0,4345000000.0,2291000000.0,1747000000.0,,-578000000.0,489000000.0,1169000000.0,54000000.0,1115000000.0,1115000000.0,3.66,0.7751,0.3116,0.2085,0.1989,0.1902,1860000000.0,1747000000.0,3.5729,,3.6529,,3.6529,1115000000.0,,1115000000.0,0.3318,0.2235,YUM
2019-12-31 00:00:00,5597000000.0,1235000000.0,4362000000.0,2285000000.0,1930000000.0,,-557000000.0,486000000.0,1373000000.0,79000000.0,1294000000.0,1294000000.0,4.23,0.7793,0.3448,0.2453,0.2312,0.1999,2042000000.0,1930000000.0,4.1342,,4.2287,,4.2287,1294000000.0,,1294000000.0,0.3648,0.2349,YUM
2019-09-30 00:00:00,5461000000.0,1226000000.0,4235000000.0,2196000000.0,2125000000.0,,-710000000.0,476000000.0,1415000000.0,275000000.0,1140000000.0,1140000000.0,3.69,0.7755,0.3891,0.2591,0.2088,0.1954,2243000000.0,2125000000.0,3.6135,,3.6915,,3.6915,1140000000.0,,1140000000.0,0.4107,0.2313,YUM
2019-06-30 00:00:00,5513000000.0,1333000000.0,4180000000.0,2155000000.0,2198000000.0,,-549000000.0,467000000.0,1649000000.0,310000000.0,1339000000.0,1339000000.0,4.29,0.7582,0.3987,0.2991,0.2429,0.187,2318000000.0,2198000000.0,4.1957,,4.2859,,4.2859,1339000000.0,,1339000000.0,0.4205,0.2278,YUM
2019-03-31 00:00:00,5571000000.0,1468000000.0,4103000000.0,2124000000.0,2176000000.0,,-547000000.0,460000000.0,1629000000.0,258000000.0,1371000000.0,1371000000.0,4.34,0.7365,0.3906,0.2924,0.2461,0.1887,2302000000.0,2176000000.0,4.2451,,4.3352,,4.3352,1371000000.0,,1371000000.0,0.4132,0.231,YUM
2018-12-31 00:00:00,5688000000.0,1634000000.0,4054000000.0,2103000000.0,2296000000.0,,-457000000.0,452000000.0,1839000000.0,297000000.0,1542000000.0,1542000000.0,4.79,0.7127,0.4037,0.3233,0.2711,0.1656,2433000000.0,2296000000.0,4.6869,,4.7888,,4.7888,1542000000.0,,1542000000.0,0.4277,0.2068,YUM
2018-09-30 00:00:00,5707000000.0,1989000000.0,3718000000.0,1765000000.0,2770000000.0,,-278000000.0,450000000.0,2492000000.0,848000000.0,1644000000.0,1644000000.0,5.01,0.6515,0.4854,0.4367,0.2881,0.1526,2931000000.0,2770000000.0,4.8861,,4.9998,,4.9998,1644000000.0,,1644000000.0,0.5136,0.1941,YUM
2018-06-30 00:00:00,5752000000.0,2307000000.0,3445000000.0,1488000000.0,2860000000.0,,-378000000.0,449000000.0,2482000000.0,874000000.0,1608000000.0,1608000000.0,4.79,0.5989,0.4972,0.4315,0.2796,0.125,3049000000.0,2860000000.0,4.6733,,4.7837,,4.7837,1608000000.0,,1608000000.0,0.5301,0.169,YUM
2018-03-31 00:00:00,5832000000.0,2634000000.0,3198000000.0,1253000000.0,2830000000.0,,-394000000.0,442000000.0,2436000000.0,943000000.0,1493000000.0,1493000000.0,4.39,0.5484,0.4853,0.4177,0.256,0.1109,3050000000.0,2830000000.0,4.2789,,4.3816,,4.3816,1493000000.0,,1493000000.0,0.523,0.1596,YUM
2017-12-31 00:00:00,5878000000.0,2954000000.0,2924000000.0,999000000.0,2761000000.0,,-487000000.0,445000000.0,2274000000.0,934000000.0,1340000000.0,1340000000.0,3.87,0.4974,0.4697,0.3869,0.228,0.1211,3014000000.0,2761000000.0,3.7746,,3.8617,,3.8617,1340000000.0,,1340000000.0,0.5128,0.1752,YUM
2017-09-30 00:00:00,6325000000.0,2971000000.0,3354000000.0,1474000000.0,2035000000.0,,-500000000.0,461000000.0,1535000000.0,346000000.0,1189000000.0,1171000000.0,3.3,0.5303,0.3217,0.2427,0.1851,0.1055,2316000000.0,2035000000.0,3.2887,,3.31,,3.3545,1189000000.0,,1171000000.0,0.3662,0.1628,YUM
2017-06-30 00:00:00,6407000000.0,2825000000.0,3582000000.0,1789000000.0,1790000000.0,,-478000000.0,449000000.0,1312000000.0,323000000.0,989000000.0,1393000000.0,3.68,0.5591,0.2794,0.2048,0.2174,0.1107,2088000000.0,1790000000.0,2.6546,,3.7479,,2.7029,989000000.0,,1393000000.0,0.3259,0.1717,YUM
2017-03-31 00:00:00,6468000000.0,2653000000.0,3815000000.0,2059000000.0,1786000000.0,,-421000000.0,395000000.0,1365000000.0,316000000.0,1049000000.0,1523000000.0,3.91,0.5898,0.2761,0.211,0.2355,0.1243,2093000000.0,1786000000.0,2.7192,,3.9828,,2.7643,1049000000.0,,1523000000.0,0.3236,0.1897,YUM
2016-12-31 00:00:00,6494000000.0,2443000000.0,4051000000.0,2322000000.0,1651000000.0,,-325000000.0,327000000.0,1326000000.0,331000000.0,995000000.0,1607000000.0,4.07,0.6238,0.2542,0.2042,0.2475,0.1264,1961000000.0,1651000000.0,2.49,1.52,4.0756,1.54,2.53,995000000.0,612000000.0,1607000000.0,0.302,0.1922,YUM
2016-09-30 00:00:00,6446000000.0,2456000000.0,3990000000.0,2272000000.0,1591000000.0,,-227000000.0,229000000.0,1364000000.0,364000000.0,1000000000.0,1615000000.0,3.99,0.619,0.2468,0.2116,0.2505,0.0445,1629000000.0,1591000000.0,2.39,1.54,3.9852,1.56,2.43,1000000000.0,615000000.0,1615000000.0,0.2527,0.0588,YUM
2016-06-30 00:00:00,8355000000.0,3689000000.0,4666000000.0,2695000000.0,1796000000.0,,-162000000.0,163000000.0,1634000000.0,426000000.0,1208000000.0,1396000000.0,3.37,0.5585,0.215,0.1956,0.1671,0.0809,1936000000.0,1796000000.0,2.7995,,3.3128,,2.8471,1208000000.0,,1401000000.0,0.2317,0.1077,YUM
2016-03-31 00:00:00,9951000000.0,4759000000.0,5192000000.0,3133000000.0,1752000000.0,,-144000000.0,145000000.0,1608000000.0,430000000.0,1178000000.0,1295000000.0,3.09,0.5218,0.1761,0.1616,0.1301,0.0762,2005000000.0,1752000000.0,2.6898,,3.0293,,2.7371,1178000000.0,,1301000000.0,0.2015,0.1058,YUM
2015-12-31 00:00:00,11130000000.0,5515000000.0,5615000000.0,3421000000.0,1909000000.0,,-137000000.0,137000000.0,1772000000.0,459000000.0,1313000000.0,1293000000.0,2.98,0.5045,0.1715,0.1592,0.1162,0.0735,2228000000.0,1909000000.0,2.9592,,2.9764,,3.0113,1313000000.0,,1298000000.0,0.2002,0.1132,YUM
2015-09-30 00:00:00,13151000000.0,6969000000.0,6182000000.0,3993000000.0,1437000000.0,,-139000000.0,139000000.0,1298000000.0,394000000.0,904000000.0,932000000.0,2.14,0.4701,0.1093,0.0987,0.0709,0.0705,1769000000.0,1437000000.0,2.0294,,2.0715,,2.0715,904000000.0,,904000000.0,0.1345,0.1081,YUM
2015-06-30 00:00:00,13078000000.0,6985000000.0,6093000000.0,4005000000.0,1384000000.0,,-135000000.0,135000000.0,1249000000.0,368000000.0,881000000.0,915000000.0,2.08,0.4659,0.1058,0.0955,0.07,0.044,1718000000.0,1384000000.0,1.9615,,2.0041,,2.0041,881000000.0,,881000000.0,0.1314,0.0826,YUM
2015-03-31 00:00:00,13177000000.0,7049000000.0,6128000000.0,4022000000.0,1492000000.0,,-131000000.0,131000000.0,1361000000.0,378000000.0,983000000.0,1014000000.0,2.29,0.4651,0.1132,0.1033,0.077,0.0455,1819000000.0,1492000000.0,2.1741,,2.2219,,2.2219,983000000.0,,983000000.0,0.138,0.0883,YUM
2014-12-31 00:00:00,13279000000.0,7103000000.0,6176000000.0,3998000000.0,1557000000.0,,-130000000.0,130000000.0,1427000000.0,406000000.0,1021000000.0,1051000000.0,2.35,0.4651,0.1173,0.1075,0.0791,0.0534,1885000000.0,1557000000.0,2.2397,,2.2903,,2.2903,1021000000.0,,1021000000.0,0.142,0.0916,YUM
2014-09-30 00:00:00,13461000000.0,7171000000.0,6290000000.0,3978000000.0,2171000000.0,,-243000000.0,243000000.0,1928000000.0,473000000.0,1455000000.0,1458000000.0,3.27,0.4673,0.1613,0.1432,0.1083,0.0886,2920000000.0,2171000000.0,3.1973,,3.2632,,3.2632,1455000000.0,,1455000000.0,0.2169,0.1633,YUM
2014-06-30 00:00:00,13573000000.0,7220000000.0,6353000000.0,3961000000.0,1971000000.0,,-246000000.0,246000000.0,1725000000.0,536000000.0,1189000000.0,1206000000.0,2.7,0.4681,0.1452,0.1271,0.0889,0.1112,2712000000.0,1971000000.0,2.6029,,2.6573,,2.6573,1189000000.0,,1189000000.0,0.1998,0.1837,YUM
2014-03-31 00:00:00,13273000000.0,7084000000.0,6189000000.0,3912000000.0,1882000000.0,,-249000000.0,249000000.0,1633000000.0,506000000.0,1127000000.0,1153000000.0,2.57,0.4663,0.1418,0.123,0.0869,0.0998,2613000000.0,1882000000.0,2.4548,,2.5074,,2.5074,1127000000.0,,1127000000.0,0.1969,0.1739,YUM
2013-12-31 00:00:00,13084000000.0,7002000000.0,6082000000.0,3911000000.0,1798000000.0,,-247000000.0,247000000.0,1551000000.0,487000000.0,1064000000.0,1091000000.0,2.42,0.4648,0.1374,0.1185,0.0834,0.0833,2519000000.0,1798000000.0,2.3024,,2.3533,,2.3533,1064000000.0,,1064000000.0,0.1925,0.1635,YUM
2013-09-30 00:00:00,13058000000.0,6951000000.0,6107000000.0,4028000000.0,1732000000.0,,-136000000.0,136000000.0,1596000000.0,511000000.0,1085000000.0,1107000000.0,2.44,0.4677,0.1326,0.1222,0.0848,0.0696,2428000000.0,1732000000.0,2.3389,,2.3916,,2.3916,1085000000.0,,1085000000.0,0.1859,0.1554,YUM
2013-06-30 00:00:00,13161000000.0,6975000000.0,6186000000.0,4062000000.0,2053000000.0,,-137000000.0,137000000.0,1916000000.0,490000000.0,1426000000.0,1426000000.0,3.12,0.47,0.156,0.1456,0.1084,0.071,2733000000.0,2053000000.0,3.0544,,3.1269,,3.1269,1426000000.0,,1426000000.0,0.2077,0.1595,YUM
2013-03-31 00:00:00,13425000000.0,7117000000.0,6308000000.0,4108000000.0,2136000000.0,,-143000000.0,143000000.0,1993000000.0,510000000.0,1483000000.0,1476000000.0,3.21,0.4699,0.1591,0.1485,0.1099,0.0789,2804000000.0,2136000000.0,3.1577,,3.2351,,3.2351,1483000000.0,,1483000000.0,0.2089,0.1655,YUM
2012-12-31 00:00:00,13633000000.0,7232000000.0,6401000000.0,4130000000.0,2294000000.0,,-149000000.0,149000000.0,2145000000.0,537000000.0,1608000000.0,1597000000.0,3.46,0.4695,0.1683,0.1573,0.1171,0.0877,2959000000.0,2294000000.0,3.3995,,3.488,,3.488,1608000000.0,,1608000000.0,0.217,0.1683,YUM
