Date,Revenue,Cost of Revenue,Gross Profit,R&D Expenses,SG&A Expenses,Operating Income,Interest Expense (Operating),Non-operating Income/Expense,Non-operating Interest Expenses,EBT,Income Tax Provision,Income after Tax,Net Income Common,EPS (Basic),Gross Margin,EBIT Margin,EBT margin,Net Profit Margin,Free Cash Flow Margin,EBITDA,EBIT,"EPS (Diluted, from Cont. Ops)","EPS (Diluted, from Disc. Ops)","EPS (Basic, Consolidated)","EPS (Basic, from Discontinued Ops)","EPS (Basic, from Continuous Ops)",Income from Continuous Operations,Income from Discontinued Operations,Consolidated Net Income/Loss,EBITDA Margin,Operating Cash Flow Margin,Ticker
2022-09-30 00:00:00,7153000000.0,2744000000.0,4408000000.0,411000000.0,3320300000.0,778200200.0,140000000.0,572000000.0,171000000.0,340000000.0,2000000.0,323300000.0,278000000.0,1.32,0.6162,0.1088,0.0475,0.0389,0.1277,2124000000.0,778200400.0,1.5411,,1.322,,1.5276,322700000.0,,337000000.0,0.2969,0.1966,ZBH
2022-06-30 00:00:00,7407000000.0,2841000000.0,4565000000.0,418000000.0,3424400000.0,775900200.0,158000000.0,622000000.0,181300000.0,325000000.0,36000000.0,291500000.0,230000000.0,1.09,0.6163,0.1048,0.0439,0.0311,0.1216,2200000000.0,775900400.0,1.3911,,1.0947,,1.3876,290900000.0,,289000000.0,0.297,0.1875,ZBH
2022-03-31 00:00:00,7388300000.0,2682200000.0,4706100000.0,484000000.0,3426000000.0,719800300.0,184000000.0,538300000.0,197200000.0,303100000.0,23300000.0,282300000.0,217900000.0,1.04,0.637,0.0974,0.041,0.0295,0.1335,2119900000.0,719800500.0,1.3411,-0.35,1.0431,-0.35,1.3476,281700000.0,-73000000.0,277500000.0,0.2869,0.1969,ZBH
2021-12-31 00:00:00,7326700000.0,2482500000.0,4844200000.0,468000000.0,3398500000.0,780100400.0,208000000.0,346700000.0,208400000.0,416200000.0,16400000.0,402100000.0,402400000.0,1.92,0.6612,0.1065,0.0568,0.0549,0.1309,2108300100.0,780100600.0,1.9111,,1.9276,,1.9276,402100000.0,,402600000.0,0.2878,0.1967,ZBH
2021-09-30 00:00:00,7374000000.0,2313800000.0,5060200000.0,455000000.0,3006700000.0,967199600.0,243000000.0,-45400000.0,212700000.0,750800000.0,-66800000.0,834000000.0,820100000.0,3.93,0.6862,0.1312,0.1018,0.1112,0.1501,2053399500.0,967199600.0,3.998,,3.9539,,4.0201,834400000.0,,820400000.0,0.2785,0.2035,ZBH
2021-06-30 00:00:00,7379300000.0,2149200000.0,5230100000.0,431900000.0,3037700000.0,1023399600.0,237000000.0,-179800000.0,214100000.0,843600000.0,-74100000.0,917700000.0,916600000.0,4.41,0.7088,0.1387,0.1143,0.1242,0.1456,2035199500.0,1023399600.0,4.4083,,4.4439,,4.4284,918100000.0,,920500000.0,0.2758,0.1963,ZBH
2021-03-31 00:00:00,6842100000.0,2077500000.0,4764600000.0,354600000.0,3005900000.0,626899600.0,226000000.0,-183300000.0,213400000.0,443600000.0,-121100000.0,564700000.0,568100000.0,2.73,0.6964,0.0916,0.0648,0.083,0.0871,1675299500.0,626899600.0,2.7215,,2.754,,2.7316,565100000.0,,569800000.0,0.2449,0.1428,ZBH
2020-12-31 00:00:00,7024500000.0,2128300000.0,4896200000.0,372000000.0,3177800000.0,-87800300.0,212000000.0,-186600000.0,212000000.0,-274400000.0,-137000000.0,-137400000.0,-138900000.0,-0.68,0.697,-0.0125,-0.0391,-0.0198,0.085,1589899600.0,-87800300.0,-0.6639,,-0.6638,,-0.6638,-137400000.0,,-137400000.0,0.2263,0.1715,ZBH
2020-09-30 00:00:00,7064900000.0,2063200100.0,5001700000.0,393100000.0,3166099800.0,8300200.0,211000000.0,-189100000.0,211300000.0,-180800000.0,-31000000.0,-149800000.0,-151900000.0,-0.73,0.708,0.0012,-0.0256,-0.0215,0.1078,1674500200.0,8300200.0,-0.7407,,-0.7199,,-0.7199,-149800000.0,,-149800000.0,0.237,0.1702,ZBH
2020-06-30 00:00:00,7028000000.0,2029500100.0,4998500000.0,421600000.0,3202499800.0,-45099900.0,,-206900000.0,214100000.0,-252000000.0,-288100000.0,36100000.0,36700000.0,0.2,0.7112,-0.0064,-0.0359,0.0052,0.128,1614000100.0,-45099900.0,0.166,,0.196,,0.196,36100000.0,,36100000.0,0.2297,0.1991,ZBH
2020-03-31 00:00:00,7790500000.0,2186300100.0,5604200000.0,446000000.0,3376299800.0,331300200.0,,-221100000.0,219800000.0,110200000.0,-266000000.0,376200000.0,377000000.0,1.85,0.7194,0.0425,0.0141,0.0484,0.1548,2024800100.0,331300200.0,1.8125,,1.8468,,1.8468,376200000.0,,376200000.0,0.2599,0.225,ZBH
2019-12-31 00:00:00,7982200000.0,2252600100.0,5729600000.0,449300000.0,3343799800.0,1137500000.0,,-231700000.0,226900000.0,905800000.0,-225700000.0,1131500000.0,1131600000.0,5.51,0.7178,0.1425,0.1135,0.1418,0.1016,2213699900.0,1137500000.0,5.4742,,5.5167,,5.5167,1131500000.0,,1131500000.0,0.2773,0.1987,ZBH
2019-09-30 00:00:00,7927500000.0,2253800000.0,5673700000.0,429400000.0,3460200000.0,10200000.0,,-259500000.0,243000000.0,-249300000.0,-156900000.0,-92400100.0,-90200000.0,-0.47,0.7157,0.0013,-0.0314,-0.0114,0.0884,2063199900.0,10199900.0,-0.495,,-0.4844,,-0.4844,-92400100.0,,-92400100.0,0.2603,0.1945,ZBH
2019-06-30 00:00:00,7871800000.0,2247100000.0,5624700000.0,410700000.0,3421500000.0,-12300000.0,,-268000000.0,253700000.0,-280300000.0,82000000.0,-362300100.0,-359100000.0,-1.77,0.7145,-0.0016,-0.0356,-0.0456,0.1204,2053600000.0,-12300100.0,-1.7928,,-1.7928,,-1.7928,-362300100.0,,-362300100.0,0.2609,0.184,ZBH
2019-03-31 00:00:00,7890800000.0,2249500000.0,5641300000.0,397700000.0,3374000000.0,78999900.0,,-281800000.0,269300000.0,-202800000.0,106500000.0,-309300100.0,-307800000.0,-1.51,0.7149,0.01,-0.0257,-0.039,0.1378,2083400000.0,78999800.0,-1.5288,,-1.5273,,-1.5273,-309300100.0,,-309300100.0,0.264,0.1952,ZBH
2018-12-31 00:00:00,7932900000.0,2271900000.0,5661000000.0,391700000.0,3379300000.0,33799900.0,,-304900000.0,289300000.0,-271100000.0,108200000.0,-379300100.0,-379200000.0,-1.85,0.7136,0.0043,-0.0342,-0.0478,0.1649,2054000000.0,33799800.0,-1.8639,,-1.8638,,-1.8638,-379300100.0,,-379300100.0,0.2589,0.2203,ZBH
2018-09-30 00:00:00,7930200000.0,2279899800.0,5650300000.0,385500000.0,3263300000.0,784200300.0,,-313600000.0,298600000.0,470600000.0,-1283800000.0,1754400000.0,1753300000.0,8.78,0.7125,0.0989,0.0593,0.2211,0.167,2110200300.0,784200400.0,8.5947,,8.666,,8.666,1754400000.0,,1754400000.0,0.2661,0.2233,ZBH
2018-06-30 00:00:00,7906600000.0,2251799800.0,5654800000.0,381000000.0,3187300000.0,772100500.0,,-327900000.0,313400000.0,444200000.0,-1246900000.0,1691100000.0,1689900000.0,8.47,0.7152,0.0977,0.0562,0.2137,0.1674,2132900400.0,772100600.0,8.2898,,8.3586,,8.3586,1691100000.0,,1691100000.0,0.2698,0.2214,ZBH
2018-03-31 00:00:00,7848500000.0,2195799800.0,5652700000.0,374500000.0,3148200000.0,756200600.0,,-333400000.0,320400000.0,422800000.0,-1267500000.0,1690300000.0,1689100000.0,8.47,0.7202,0.0963,0.0539,0.2152,0.1716,2146300500.0,756200700.0,8.2899,,8.3614,,8.3614,1690300000.0,,1690300000.0,0.2735,0.229,ZBH
2017-12-31 00:00:00,7803300000.0,2132899800.0,5670400000.0,369900000.0,3104700000.0,799300700.0,,-334700000.0,325300000.0,464600000.0,-1348800000.0,1813400000.0,1813800000.0,9.1,0.7267,0.1024,0.0595,0.2324,0.1396,2193500600.0,799300800.0,8.9024,,8.9817,,8.9817,1813400000.0,,1813400000.0,0.2811,0.2028,ZBH
2017-09-30 00:00:00,7732600000.0,2163300000.0,5569300000.0,370600000.0,2990100100.0,1017899800.0,,-398300000.0,334700000.0,619600000.0,-32300000.0,651900000.0,652000000.0,3.22,0.7202,0.1316,0.0801,0.0843,0.1671,2130699800.0,1017900300.0,3.2099,,3.2386,,3.2386,651900000.0,,651900000.0,0.2755,0.2336,ZBH
2017-06-30 00:00:00,7752300000.0,2141700000.0,5610600000.0,375000000.0,3006100100.0,1002199800.0,,-406300000.0,343900000.0,595900000.0,-115100000.0,711000000.0,712000000.0,3.52,0.7237,0.1293,0.0769,0.0918,0.1484,2103899800.0,1002200300.0,3.5038,,3.5393,,3.5393,711000000.0,,711000000.0,0.2714,0.2187,ZBH
2017-03-31 00:00:00,7736800000.0,2254100000.0,5482700000.0,371000000.0,2985900100.0,923699700.0,,-413700000.0,349700000.0,510000000.0,14800000.0,495200000.0,496500000.0,2.45,0.7087,0.1194,0.0659,0.0642,0.1406,2014799700.0,923700200.0,2.441,,2.468,,2.468,495200000.0,,495200000.0,0.2604,0.2113,ZBH
2016-12-31 00:00:00,7668400000.0,2381800000.0,5286600000.0,365600000.0,2944600100.0,821099600.0,,-421500000.0,355000000.0,399600000.0,95000000.0,304600000.0,305900000.0,1.49,0.6894,0.1071,0.0521,0.0399,0.1437,1891499600.0,821100100.0,1.5049,,1.5229,,1.5229,304600000.0,,304600000.0,0.2467,0.2128,ZBH
2016-09-30 00:00:00,7604399000.0,2429300000.0,5175099000.0,355800000.0,2900200000.0,856099500.0,,-354100000.0,357800000.0,502000000.0,140400000.0,361600000.0,363300000.0,1.31,0.6805,0.1126,0.066,0.0478,0.1274,1955699500.0,856099800.0,1.8342,,1.8425,,1.8425,361600000.0,,361600000.0,0.2572,0.193,ZBH
2016-06-30 00:00:00,7533799000.0,2502100000.0,5031699000.0,343500000.0,2864800000.0,776599400.0,,-346300000.0,357100000.0,430300000.0,204400000.0,225900000.0,226700000.0,0.63,0.6679,0.1031,0.0571,0.0301,0.1013,1827599400.0,776599700.0,1.1639,,1.1625,,1.1625,225900000.0,,225900000.0,0.2426,0.1611,ZBH
2016-03-31 00:00:00,6767399000.0,2156300000.0,4611099000.0,306200000.0,2577000000.0,442899400.0,,-361700000.0,351700000.0,81200000.0,-2600000.0,83800000.0,84400000.0,-0.12,0.6814,0.0654,0.012,0.0125,0.0962,1313199400.0,442899700.0,0.3183,,0.3169,,0.3169,83800000.0,,83800000.0,0.194,0.1524,ZBH
2015-12-31 00:00:00,5997799000.0,1800600000.0,4197199000.0,268800000.0,2284200000.0,467299500.0,,-314100000.0,286600000.0,153200000.0,7000000.0,146200000.0,147000000.0,0.39,0.6998,0.0779,0.0255,0.0245,0.081,1179699500.0,467299800.0,0.7703,,0.7802,,0.7802,146200000.0,,146200000.0,0.1967,0.1417,ZBH
2015-09-30 00:00:00,5287100000.0,1442900000.0,3844199900.0,229000000.0,2007899900.0,474899800.0,,-267600000.0,212600000.0,207300000.0,38700000.0,168600100.0,169200000.0,1.16,0.7271,0.0898,0.0392,0.032,0.0792,995599800.0,474899800.0,0.9578,,0.9903,,0.9903,168600100.0,,168600000.0,0.1883,0.1417,ZBH
2015-06-30 00:00:00,4630900000.0,1186700000.0,3444199900.0,191600000.0,1738399900.0,614099900.0,,-208800000.0,138100000.0,405300000.0,86000000.0,319300100.0,320100000.0,2.03,0.7437,0.1326,0.0875,0.0691,0.1284,986199900.0,614099900.0,1.8569,,1.9043,,1.9043,319300100.0,,319300000.0,0.213,0.1957,ZBH
2015-03-31 00:00:00,4646200000.0,1224000000.0,3422199900.0,188300000.0,1730299900.0,1007099900.0,,-126800000.0,71200000.0,880300000.0,211100000.0,669200100.0,670200000.0,3.99,0.7366,0.2168,0.1895,0.1442,0.1302,1370899900.0,1007099900.0,3.8913,,3.9546,,3.9546,669200100.0,,669200000.0,0.2951,0.2073,ZBH
2014-12-31 00:00:00,4673300000.0,1242800000.0,3430499900.0,187400000.0,1750699900.0,1037299800.0,,-97900000.0,63100000.0,939400000.0,220200000.0,719200100.0,720300000.0,4.26,0.7341,0.222,0.201,0.1541,0.1537,1413099800.0,1037299800.0,4.1887,,4.2556,,4.2556,719200100.0,,719200000.0,0.3024,0.2269,ZBH
2014-09-30 00:00:00,4691100000.0,1252599900.0,3438499900.0,186500000.0,1695900100.0,1164499700.0,,-82400000.0,63600000.0,1082099900.0,257200000.0,824900000.0,826400000.0,4.72,0.733,0.2482,0.2307,0.1762,0.1472,1537799700.0,1164499800.0,4.7951,,4.8697,,4.8697,824900000.0,,824900000.0,0.3278,0.2129,ZBH
2014-06-30 00:00:00,4659400000.0,1285499900.0,3373900000.0,190000000.0,1711100100.0,1120999700.0,,-70300000.0,64400000.0,1050699900.0,244600000.0,806100000.0,807700000.0,4.65,0.7241,0.2406,0.2255,0.1733,0.1554,1495299700.0,1120999800.0,4.683,,4.7531,,4.7531,806100000.0,,806100000.0,0.3209,0.2223,ZBH
2014-03-31 00:00:00,4646000000.0,1277499900.0,3368500000.0,196900000.0,1733000100.0,1070499700.0,,-60200000.0,66900000.0,1010299900.0,228600000.0,781700000.0,783300000.0,4.5,0.725,0.2304,0.2175,0.1686,0.1449,1444899700.0,1070499800.0,4.5419,,4.6061,,4.6061,781700000.0,,781700000.0,0.311,0.2091,ZBH
2013-12-31 00:00:00,4623400000.0,1266699900.0,3356700000.0,203000000.0,1749300100.0,1068599800.0,,-60500000.0,70100000.0,1008099900.0,229500000.0,778600000.0,780400000.0,4.49,0.726,0.2311,0.218,0.1688,0.145,1427099800.0,1068599900.0,4.532,,4.5908,,4.5908,778600000.0,,778600000.0,0.3087,0.2083,ZBH
2013-09-30 00:00:00,4563200000.0,1244200000.0,3319000400.0,213100000.0,1817300000.0,920800800.0,,-56200000.0,72500000.0,864599900.0,188500000.0,676099900.0,677900000.0,3.99,0.7273,0.2018,0.1895,0.1486,0.1534,1375400800.0,920800700.0,3.94,,3.9824,,3.9824,676099900.0,,676100000.0,0.3014,0.2259,ZBH
2013-06-30 00:00:00,4514400000.0,1171100000.0,3343300300.0,217200000.0,1809300000.0,958500700.0,,-57400000.0,73700000.0,901099900.0,201400000.0,699699900.0,701600000.0,4.1,0.7406,0.2123,0.1996,0.1554,0.1718,1403900700.0,958500600.0,4.0588,,4.0966,,4.0966,699699900.0,,699700000.0,0.311,0.2399,ZBH
2013-03-31 00:00:00,4469900000.0,1129400000.0,3340500300.0,219500000.0,1804600000.0,1050000700.0,,-57300000.0,73500000.0,992699900.0,230700000.0,761999900.0,764000000.0,4.42,0.7473,0.2349,0.2221,0.1709,0.1866,1497400700.0,1050000600.0,4.3846,,4.4194,,4.4194,761999900.0,,762000000.0,0.335,0.2517,ZBH
2012-12-31 00:00:00,4471700000.0,1125200000.0,3346500200.0,225600000.0,1807100000.0,1047400600.0,,-57300000.0,72900000.0,990099900.0,237200000.0,752899900.0,755000000.0,4.3,0.7484,0.2342,0.2214,0.1688,0.1986,1506500600.0,1047400500.0,4.2778,,4.3048,,4.3048,752899900.0,,752900000.0,0.3369,0.2576,ZBH
